2408 3854
328 203 419 252 lusu.
435 204 585 254 andron.
603 204 673 252 nro.
691 202 813 272 v111,3.
1031 198 1071 258 55

63 355 168 421 xlsse?
192 358 229 418 lit
245 357 328 434 alibi,
349 357 450 439 Caput
463 361 607 439 appanis,
627 379 696 421 cum
711 379 746 422 eo
763 361 957 441 carnificans.
989 363 1072 425 Unde

63 444 179 504 iuterim
199 444 275 521 grati
297 443 395 503 idiotis
418 442 554 522 lepores:
582 441 675 521 qualis
697 453 741 504 est
769 445 820 504 ille
845 445 921 525 apud
947 445 985 506 ll.
1005 446 1115 514 Tul-an

64 528 135 588 llum
157 525 265 603 Paria,
294 528 348 605 qui
362 547 438 591 ,eum
464 529 581 589 maiore
606 546 713 590 sorore
737 529 911 602 cubitabat,
942 539 985 607 et,
1018 529 1071 594 Cn.

63 609 208 689 Flauius,
230 612 283 690 qui
298 614 454 672 cornicum
468 612 573 673 oculas
587 611 728 690 cauflait,
751 620 781 672 et
801 629 855 691 pro
871 611 979 675 Milone
1001 615 1072 677 illud

62 692 148 758 Heus
158 703 189 756 lu
198 655 306 773 biuda,
324 704 352 754 et
365 691 709 758 Eruciuellatcniaeter.
734 694 766 756 ld
777 706 873 758 tamen
886 698 915 757 iu
926 698 1071 760 declama·

62 778 176 840 toribus
192 787 237 839 est
252 778 407 839 notabilius
425 779 593 859 laudarique
609 798 654 839 me
670 797 762 859 puero
778 780 911 858 solebat,
925 780 977 843 Da
984 785 1073 863 patri

60 882 194 962 panem5
220 873 250 924 et
270 865 299 922 in
321 862 440 939 eodem,
462 861 566 925 Etiam
588 882 696 926 canem
715 867 830 942 pascis.
871 864 932 926 Res
958 867 1115 945 quidemub

62 949 223 1026 praecipue
240 949 269 1008 in
284 946 393 1007 scholis
409 964 519 1045 anceps
531 947 584 1008 sed
599 948 769 1026 frequenter
785 967 873 1010 eausa
887 951 980 1026 risus,
996 968 1071 1011 nnuc

62 1033 173 1110 utique,
188 1050 252 1092 cum
262 1031 336 1091 baec
348 1032 520 1092 exercitatio
532 1033 636 1110 procul
648 1050 664 1092 a
675 1033 800 1093 veritate
812 1036 943 1095 seiuncta
957 1034 1072 1096 laboret

61 1115 225 1176 incredibili
245 1114 400 1176 verborum
421 1114 537 1176 fastidio
556 1134 592 1177 ac
608 1115 662 1176 sibi
684 1133 815 1192 magnam
830 1127 942 1197 partem
960 1137 1072 1179 sermo·

62 1201 107 1259 uis
122 1198 289 1260 absciderit.

150 1328 220 1390 Cum
245 1331 301 1389 sint
323 1339 418 1389 autem
438 1329 530 1391 verba
551 1331 686 1410 propria,
711 1331 794 1408 bata,
819 1332 972 1394 translata:
1002 1349 1114 1413 pro-24

62 1415 135 1493 priis
160 1413 329 1491 dignitatem
346 1413 396 1473 dat
417 1415 634 1494 antiquitas
684 1413 815 1494 Namque
843 1425 872 1477 et
896 1418 1072 1479 sanctiorem

63 1507 94 1558 et
108 1499 200 1575 magis
217 1497 412 1558 admirabilem
428 1497 538 1558 iaciunt
553 1501 734 1599 orationem,
755 1500 858 1579 quibus
875 1518 934 1562 nou
948 1501 1072 1580 quilibet

62 1583 150 1643 luerit
164 1600 283 1658 usurus,
306 1597 402 1660 eoque
419 1591 587 1642 ornamento
602 1585 735 1643 acerrimi
755 1585 852 1646 iudicii
872 1585 903 1646 P
921 1585 1070 1664 Vergilius

61 1668 147 1727 unice
166 1675 210 1726 est
229 1684 308 1726 usus
356 1663 415 1728 Olli
436 1667 511 1729 euim
527 1675 556 1726 et
571 1669 718 1745 quianam
739 1677 768 1728 et
783 1670 852 1733 miie
868 1679 897 1729 et
909 1689 990 1750 pone
1006 1670 1069 1770 pel·
1060 1675 1113 1730 -ad

61 1752 161 1814 lucent
183 1758 213 1813 et
227 1762 386 1832 aspergunt
405 1748 501 1828 illam,
526 1771 600 1832 quae
616 1753 727 1813 etiam
718 1771 747 1813 ιι
762 1753 883 1831 picturis
905 1763 950 1813 est
964 1756 1070 1831 gratis·

60 1838 149 1914 sima,
164 1838 316 1898 vetustatis
329 1837 525 1897 inimitabilem
540 1839 594 1898 arti
609 1838 819 1897 auctoritatem
859 1837 917 1897 Sed
934 1838 1072 1899 utendum

59 1921 166 1997 modo,
191 1939 246 1982 uec
264 1938 301 1981 ex
322 1921 428 1981 ultimis
448 1920 577 1981 tenebris
593 1920 763 2000 repetenda.
804 1919 889 1983 Satis
905 1929 950 1981 est
969 1931 1069 1989 vetus;

60 2005 131 2084 quid
145 2023 269 2066 neeesse
286 2013 348 2081 est,
369 2022 496 2084 quaeso,
513 2004 614 2066 dicere
628 2005 763 2084 oppido?
781 2020 854 2103 quo·
853 2006 899 2063 usi
913 2014 979 2064 sunt
1000 2023 1070 2084 pan·

60 2090 119 2151 lum
142 2099 275 2169 tempore
298 2098 400 2149 nostro
426 2090 612 2188 superiores,
642 2105 765 2164 vereor,
793 2097 823 2148 ut
846 2089 901 2148 iam
922 2105 976 2149 uos
994 2089 1070 2150 leret

61 2175 231 2273 quisquam;
265 2183 346 2234 certe
373 2174 543 2254 anteparta,
575 2175 655 2232 euius
680 2172 781 2233 eadem
810 2173 982 2250 significatio
1013 2183 1068 2250 est,

58 2275 146 2318 nemo
160 2259 215 2318 uisi
230 2257 398 2318 ambitiosus
413 2266 518 2318 utetur.
545 2253 720 2319 Aerumnae
735 2257 803 2336 quid
819 2274 893 2336 opus
910 2255 977 2319 est?
992 2267 1054 2319 tan·
1060 2255 1113 2322 26*

59 2359 145 2421 quam
163 2360 264 2422 pamm
279 2343 332 2418 sit,
351 2343 375 2401 si
392 2340 503 2402 dicatur
521 2340 598 2419 quod
615 2340 770 2402 horridum.
804 2341 887 2403 Reor
902 2342 1070 2418 tolerabile,

57 2433 184 2489 autumo
198 2427 356 2503 tragicum,
371 2427 490 2504 prolem
505 2425 653 2485 dicemus'
645 2444 673 2485 ιι
683 2443 787 2502 versu,
799 2424 856 2486 sed
864 2429 1018 2506 prosapia
1029 2428 1070 2487 iu·

58 2503 180 2570 sulsuui.
213 2509 288 2584 Quid
303 2506 412 2570 multa?
436 2517 514 2570 totus
530 2527 623 2588 prope
638 2518 761 2570 mutatus
778 2518 824 2569 est
839 2527 946 2569 sermo.
975 2509 1070 2584 Quae·
1059 2519 1108 2576 ιι

57 2593 126 2655 dam
140 2603 235 2654 tamen
255 2593 348 2654 adhuc
367 2603 469 2654 vetera
489 2602 634 2654 vetustate
653 2595 717 2672 ipsa
731 2594 840 2670 gratius
856 2594 964 2670 nitent,
982 2611 1071 2672 quae-

57 2676 124 2737 dam
137 2687 167 2736 et
176 2679 345 2738 necessario
357 2679 470 2738 iuterim
482 2686 639 2752 sumuntur,
650 2695 834 2754 nuncupare
845 2685 875 2735 et
884 2678 971 2756 fari,·
982 2677 1071 2738 multa

58 2761 116 2821 elia
138 2762 224 2821 etiam
245 2761 396 2822 audentius
419 2762 507 2822 inseri
527 2769 650 2840 possunt
673 2759 725 2820 sed
749 2761 788 2819 ite
812 2759 942 2838 demum,
965 2763 989 2822 si
1012 2778 1070 2821 uon

57 2854 201 2924 appareat
217 2845 380 2914 affectatio;
403 2847 431 2904 in
446 2861 530 2924 quam
545 2843 665 2905 mirifice
681 2842 847 2921 Vergilius:

146 2941 371 3006 Corintbiorum
385 2951 507 3006 amator
520 2945 578 3005 isle
596 2943 769 3020 uerborum,
1077 2939 1112 2993 28

147 3026 342 3108 Tbueydidee
357 3026 541 3100 Britannus,
563 3023 686 3089 Atticae
703 3027 818 3106 febres,

146 3111 213 3174 Tau
226 3113 391 3188 Gallicum,
406 3112 484 3188 nun,
507 3113 556 3190 al,
579 3113 689 3191 spinae
703 3111 783 3174 male
796 3112 842 3174 illi
856 3112 915 3180 sin·
1032 3151 1036 3157 -
1083 3109 1098 3148 *

143 3195 194 3256 lla
208 3196 310 3259 omnia
324 3199 385 3258 isla
400 3196 497 3258 cerba
519 3197 640 3258 miscuit
654 3196 773 3275 fratri.

57 3289 176 3354 Cimber
196 3293 243 3354 bic
264 3294 330 3370 luit,
352 3311 368 3353 a
390 3310 447 3371 quo
463 3293 582 3354 fratrem
597 3302 729 3353 necatum
750 3292 807 3352 boc
824 3290 975 3352 Ciceronis
991 3290 1112 3350 diotone

56 3385 186 3439 notatum
209 3385 269 3452 est,
290 3378 477 3440 Germanum
503 3375 624 3440 Cimber
643 3377 767 3439 occidit.
811 3375 874 3435 Nee
890 3377 981 3434 miuus
1000 3380 1070 3433 uolo

57 3459 215 3522 Sallustius
233 3462 439 3540 epigrammate
453 3462 624 3524 incessitur:
