2408 3854
146 167 205 230 184
455 183 492 229 u.
513 181 590 228 sun.
610 181 832 240 oumuunnm

142 337 237 398 donec
254 335 456 414 perveniamus
472 336 508 397 ad
529 336 628 412 finem,
650 353 708 394 nou
722 337 814 394 minus
830 345 990 415 prospectu
1006 337 1148 416 proceda·

140 439 203 481 mus
220 437 304 499 quam
319 419 427 498 gradu,
447 420 472 478 si
490 437 548 478 non
562 419 775 479 intersistentes
790 418 1025 500 offensantesque
1046 420 1149 483 brevia

141 505 191 565 illa
207 513 294 583 atque
312 504 431 563 concisa
445 502 661 581 singultantium
675 502 763 562 modo
779 505 899 563 eiecturi
915 523 1021 564 sumus.

100 600 133 652 11
223 587 277 647 Est
291 589 378 666 igitur
392 605 462 647 usus
480 587 594 666 quidam
609 587 800 663 irrationalis,
817 604 902 665 quern
922 588 1025 650 Graeci
1040 582 1150 669 ἄλογον

141 663 246 752 τριβὴν
262 680 384 745 vocant,
407 688 464 749 qua
486 689 585 731 manus
605 669 809 731 inscribendo
830 671 971 749 decurrit,
993 691 1050 751 qua
1071 674 1150 736 oculi

141 765 220 816 totos
236 754 320 816 simul
339 757 367 814 in
390 755 519 815 lectione
538 773 643 816 versus
665 755 819 834 flexusque
838 773 938 816 eorum
961 765 990 816 et
1011 759 1148 817 transitus

141 843 301 915 intuentur,
330 848 360 899 et
386 847 454 900 ante
475 840 628 918 sequentia
646 838 745 900 vident
773 857 858 918 quam
880 842 979 919 priora
1003 839 1147 901 dixerunt.

142 925 207 998 Quo
224 931 356 983 constant
371 924 509 984 miracula
530 924 580 987 illa
606 925 634 983 in
649 924 746 985 scenis
763 923 931 1003 pilariorum
946 943 981 985 ac
994 924 1148 985 ventilato·

140 1025 219 1084 rum,
240 1015 326 1069 ntea
347 1025 422 1086 quae
445 1008 593 1068 emiserint
614 1007 691 1068 ultro
712 1007 813 1068 venire
834 1009 863 1067 in
883 1026 982 1068 manus
999 1007 1105 1068 credas¹
1120 1018 1150 1070 et

101 1104 198 1171 liqna
215 1090 347 1152 iubentur
363 1091 532 1154 decurrere.
563 1090 622 1152 Sed
637 1092 685 1152 hic
707 1110 776 1151 usus
792 1091 831 1151 ita
845 1092 991 1171 proderit,
1013 1093 1039 1151 si
1061 1110 1095 1152 ea
1112 1093 1149 1153 de

140 1195 198 1256 qua
218 1176 308 1236 locuti
323 1193 420 1236 sumus
438 1193 485 1235 ars
503 1176 707 1252 antecesserit,
722 1183 754 1235 ut
769 1176 861 1254 ipsum
880 1174 960 1251 illud,
978 1175 1056 1255 quod
1070 1178 1099 1235 in
1115 1195 1148 1237 se

140 1263 281 1320 rationem
300 1276 358 1320 non
373 1259 471 1336 habet,
487 1261 638 1320 iuratione
653 1268 797 1320 versetur.
824 1258 896 1319 Nam
911 1259 978 1318 mihi
995 1278 1032 1319 ne
1049 1261 1149 1321 dicere

141 1345 256 1423 quidem
276 1345 391 1405 videtur
410 1345 466 1403 nisi
480 1345 529 1423 qui
544 1345 703 1423 disposite,
721 1351 839 1419 ornate,
856 1345 979 1422 copiose
994 1342 1078 1420 dicit,
1095 1345 1149 1406 sed

100 1428 310 1492 totumultuari.
338 1426 402 1487 Nec
413 1427 523 1488 fortuiti
538 1429 680 1487 sermonis
697 1436 863 1488 contextum
874 1427 1001 1488 mirabor
1012 1446 1147 1507 unquam,

142 1530 226 1590 quem
242 1510 421 1589 iurgantibus
445 1513 529 1571 etiam
549 1511 729 1572 mulierculis
751 1511 935 1588 superfluere
959 1512 1061 1580 video;
1085 1531 1149 1572 cuna

141 1613 177 1655 eo
194 1595 282 1673 quod,
299 1595 325 1653 si
340 1595 422 1655 calor
437 1613 472 1656 ac
487 1597 604 1675 spiritus
621 1596 700 1672 tulit,
717 1589 888 1675 frequenter
903 1595 1018 1671 accidit,
1036 1605 1067 1655 ut
1082 1614 1147 1655 suc·

100 1692 132 1746 14
139 1697 254 1741 cessum
272 1679 501 1758 extemporalem
516 1683 657 1759 consequi
676 1698 744 1740 cura
759 1697 817 1739 non
831 1681 934 1759 possit.
970 1678 1064 1740 Deum
1080 1690 1149 1739 tunc

140 1764 270 1838 alluisse,
284 1781 347 1823 cnm
363 1763 392 1829 id
407 1765 573 1841 evenisset,
591 1774 710 1825 veteres
726 1773 877 1839 oratores,
891 1773 922 1823 ut
940 1760 1046 1824 Cicero
1067 1763 1146 1839 dicit,

140 1847 264 1909 aiebant.
303 1847 363 1907 Sed
377 1849 452 1908 ratio
470 1849 622 1909 manifesta
639 1856 693 1909 est.
729 1847 801 1907 Nam
822 1847 898 1908 hena
924 1849 1061 1926 concepti
1077 1848 1147 1908 alie·

141 1941 204 1992 ctus
230 1939 259 1990 et
279 1940 416 1991 recentes
439 1950 534 1992 rerum
556 1934 697 2010 imagines
721 1933 856 1992 continuo
880 1933 989 2010 impetu
1004 1932 1146 2013 fqruntur,

141 2033 216 2094 quae
231 2032 432 2094 nonnunquam
450 2033 530 2077 mora
547 2018 605 2077 stili
627 2017 824 2093 refrigescunt
847 2024 877 2076 et
897 2015 1003 2076 dilatae
1025 2032 1083 2075 non
1097 2034 1147 2074 re-

138 2107 298 2159 uertuntur.
334 2098 441 2177 Utique
459 2118 543 2176 vero,
562 2119 626 2161 oum
647 2100 748 2160 infelix
764 2100 813 2160 illa
828 2099 984 2160 verborum
999 2099 1147 2160 cavillatio

139 2185 266 2243 accessit
294 2191 324 2242 ct
346 2201 448 2243 cursus
475 2183 511 2243 ad
538 2185 651 2261 singula
674 2185 799 2260 vestigia
814 2185 938 2260 restitit,
966 2200 1024 2243 non
1047 2192 1148 2263 potest

61 2289 64 2293 ¹
138 2265 209 2326 ferri
228 2274 361 2327 contorta
384 2268 446 2341 vis,
464 2267 532 2344 sed,
557 2277 588 2328 ut
611 2269 719 2347 optime
739 2285 844 2328 vocum
865 2268 1042 2345 singularum
1062 2267 1148 2327 cedat

139 2349 266 2426 electio,
286 2366 343 2409 non
360 2351 494 2411 continua
519 2351 572 2412 sed
595 2353 756 2430 composita
773 2361 828 2412 est.

97 2443 130 2495 15
222 2433 320 2508 Quare
346 2434 506 2513 capiendae
529 2444 594 2495 sunt
612 2435 700 2511 illae,
731 2434 767 2495 da
796 2435 899 2514 quibus
921 2434 997 2511 dixi,
1023 2453 1146 2496 rerum

138 2518 334 2596 imagines,
350 2536 422 2597 qnas
434 2520 534 2580 vocari
547 2519 710 2597 φαντασίας
720 2520 918 2596 indicavimus,
932 2520 1096 2597 omniaque,
1110 2519 1147 2578 de

138 2600 242 2681 quibus
264 2602 367 2663 dicturi
385 2605 508 2680 erimus,
529 2621 690 2683 personae,
713 2606 917 2682 quaestiones,
940 2620 1027 2681 spes,
1052 2611 1147 2663 metus

137 2684 269 2747 habenda
289 2688 318 2747 ln
333 2687 438 2763 oculis,
459 2689 487 2747 in
510 2688 631 2749 allectus
656 2687 833 2766 recipienda.
867 2688 973 2748 Pectus
996 2695 1041 2747 est
1059 2688 1146 2762 enim,

137 2770 215 2849 quod
231 2769 356 2830 disertos
374 2771 454 2847 lacit,
471 2780 500 2831 et
514 2774 558 2832 vis
573 2774 686 2832 mentis.
717 2771 848 2852 Ideoque
860 2772 1000 2850 imperitis
1015 2788 1147 2850 quoque,

96 2860 128 2917 16
136 2853 162 2911 si
178 2853 264 2913 modo
283 2856 339 2914 sint
353 2855 451 2933 aliquo
467 2855 574 2917 affectu
590 2857 736 2932 concitati,
753 2855 841 2917 verba
857 2873 915 2915 non
930 2855 1044 2916 desunt.
1075 2854 1148 2914 'lum

136 2935 327 2997 intendendus
345 2938 472 3016 animus,
492 2957 550 2999 non
571 2941 600 2998 in
620 2940 745 3020 aliquam
759 2959 822 3000 rem
836 2957 920 3000 unam
934 2939 988 2999 sed
1002 2939 1031 2997 in
1044 2937 1147 3017 plnres

136 3017 220 3078 simul
241 3021 404 3090 continuam
428 3031 474 3098 ut,
503 3026 527 3083 si
553 3042 607 3102 per
629 3024 753 3103 aliquam
773 3032 883 3085 rectam
904 3025 980 3084 viam
1002 3023 1147 3082 mittamus

138 3101 258 3180 oculos,
275 3103 358 3164 simul
376 3105 470 3166 omnia
485 3124 560 3185 quae
575 3106 640 3167 sont
654 3109 684 3168 in
702 3126 736 3168 ea
753 3109 890 3187 circaque
905 3108 1066 3182 intuemur,
1088 3123 1147 3166 non

135 3185 263 3248 ultimum
278 3196 386 3249 tantum
401 3189 531 3251 uidemus
547 3192 600 3251 scd
611 3192 750 3270 usquead
763 3192 899 3253 ultimum.
931 3190 977 3250 Ad
993 3190 1147 3251 dicendum

136 3271 222 3332 etiam
237 3271 332 3350 pudor
353 3273 485 3333 stimulos
508 3274 595 3334 habet
625 3283 654 3336 et
674 3276 863 3336 dicendorum
885 3282 1042 3354 expectata
1065 3273 1145 3342 laus;

135 3355 294 3436 mirumque
309 3356 402 3418 videri
417 3366 527 3437 potest,
541 3357 628 3437 quod,
646 3377 710 3419 cnm
726 3359 809 3420 stilus
824 3369 943 3420 secroto
961 3358 1088 3436 gaudeat
1103 3365 1133 3419 at

139 3456 197 3517 que
211 3456 311 3501 omnes
330 3440 455 3503 arbitros
470 3442 650 3520 reformidet,
664 3444 873 3523 extemporalis
890 3445 967 3504 actio
982 3441 1145 3504 auditorum

70 3552 168 3636 q.
