2408 3854
120 182 159 244 ts
227 258 230 266 ¹
438 196 475 245 ss.
488 195 568 244 sss.
581 195 804 257 curumnmrn

119 367 175 429 qua
196 367 273 411 voce
296 350 389 411 omnis
411 348 577 411 intellectus
601 352 696 430 accipi
717 359 831 429 potest;
855 351 908 412 sed
930 351 989 414 hoc
1009 354 1124 418 nomine

118 434 260 496 donarunt
275 453 327 512 ea,
351 453 427 515 qnae
441 450 500 494 non
517 433 629 510 dicunt,
654 453 755 495 verum
774 435 898 514 intelligi
915 435 1032 496 volunt:
1053 439 1125 500 utin

118 536 198 595 eum,
220 537 306 599 quem
322 520 439 598 saepius
462 537 478 579 a
501 518 569 578 ludo
589 517 753 580 redemerat
775 536 861 579 soror
902 530 1038 598 agentem
1061 539 1124 584 cnm

118 603 295 679 catallonis,
313 604 390 682 quod
408 605 435 663 ei
451 602 589 682 pollicem
608 602 760 664 dormienti
783 604 956 679 recidisset,
973 601 1060 667 Eros
1076 608 1122 668 di·

114 707 212 767 pmes,
231 695 265 748 ct
285 688 417 750 haberes
437 688 589 766 inteprcm
610 704 743 748 monum.
784 688 834 749 Sic
856 690 931 748 enim
952 688 1068 749 auditur
1092 698 1124 754 ιιι

75 773 324 851 13depcpccres.
354 771 486 831 Vocatur
500 769 608 848 aliquid
631 781 660 832 et
682 771 867 840 clausula;
897 789 989 851 quae,
1021 775 1047 833 si
1068 783 1123 853 est,

117 856 195 935 quod
211 853 429 918 conclusionem
446 856 582 930 dicimus,
604 864 633 914 et
656 865 738 917 recta
757 863 786 915 et
801 855 971 934 quibusdam
985 857 1015 916 in
1036 859 1122 937 parti·

116 939 170 1000 bus
184 941 354 1001 necessaria
370 949 430 1000 est:
462 937 568 1013 Quare
588 941 680 1018 ptius
695 941 735 1002 de
748 948 851 1002 cestro
863 941 950 1019 facto
961 941 1126 1020 fateamini
1164 974 1165 979 ¹

117 1043 244 1086 necesse
264 1032 328 1101 est,
357 1039 449 1103 pacm
473 1022 594 1103 Ltpcrtt
615 1026 738 1104 culpam
759 1025 855 1086 ctiam
875 1025 1121 1104 reprehendetis.

117 1107 177 1170 Sed
191 1127 266 1168 nnnc
282 1107 359 1169 alind
373 1109 490 1185 volunt,
515 1117 546 1168 ut
570 1110 661 1168 omnis
683 1127 786 1169 sensus
801 1111 830 1168 in
849 1109 906 1169 dne
922 1110 1066 1170 sermonis
1080 1109 1121 1172 ie·

75 1194 171 1260 tsrlat
186 1210 293 1254 aurem.
340 1191 438 1272 Turpe
459 1201 555 1253 autern
576 1211 611 1252 ac
626 1211 720 1272 prope
735 1192 818 1253 nelas
836 1193 953 1270 ducunt,
974 1195 1123 1273 respirare

117 1277 177 1337 ullo
194 1276 273 1354 loco,
288 1278 337 1356 qui
353 1277 592 1338 acclamationem
611 1296 669 1341 non
686 1279 813 1356 petierit.
851 1276 921 1338 lude
936 1278 1036 1339 minuti
1058 1295 1121 1341 cor·

115 1362 250 1440 ruptique
273 1361 411 1422 sensiculi
434 1370 462 1421 et
483 1370 565 1421 extra
586 1379 646 1422 ram
667 1362 764 1441 petiti;
786 1379 882 1441 neque
903 1363 978 1421 enim
999 1371 1122 1442 possunt

115 1454 172 1505 tarn
189 1445 295 1506 multae
309 1445 404 1506 bonae
421 1446 582 1506 sententiae
602 1463 686 1523 esse,
714 1463 798 1526 quam
813 1463 938 1507 necesse
955 1455 1001 1506 est
1015 1447 1124 1508 multae

116 1530 172 1589 sint
188 1529 344 1590 clausulae.
483 1538 485 1541 ’

76 1623 109 1676 15
199 1611 258 1673 lam
279 1614 353 1674 haec
371 1614 462 1691 magis
485 1630 560 1674 nova
583 1616 790 1674 sententiarum
809 1632 928 1692 genera.
969 1612 1021 1674 Ex
1042 1616 1121 1676 ino·

117 1697 151 1776 pi
162 1705 263 1757 nato:
289 1707 320 1758 ut
336 1698 407 1759 dixit
423 1696 525 1757 Vibius
542 1695 663 1777 Crispus
678 1700 707 1758 in
723 1716 805 1775 eum,
824 1701 883 1777 qui,
903 1717 968 1760 oum
982 1697 1122 1760 loricatas

116 1783 145 1840 in
167 1780 233 1841 ioro
256 1782 432 1858 ambularet,
460 1782 686 1860 praetendebat,
707 1782 735 1843 id
759 1802 791 1843 se
812 1792 890 1843 metu
904 1782 1026 1860 iacere,
1049 1781 1123 1856 Ostia

117 1866 169 1928 tibi
182 1867 229 1927 sic
250 1868 356 1929 timere
367 1868 529 1947 permisit?
562 1864 600 1926 ur
621 1867 772 1944 insigniter
792 1866 945 1928 Africanus
968 1867 1045 1946 apud
1065 1865 1122 1928 Nc·

118 1966 217 2010 ronem
234 1951 270 2012 de
285 1960 379 2013 morte
395 1951 510 2028 nutris,
532 1950 654 2031 Ropcct
674 1961 718 2028 te,
746 1948 884 2028 Caesar,
902 1952 1023 2014 Gallice
1040 1959 1124 2029 tace,

75 2041 147 2099 liat
162 2034 441 2114 felicitatem'tcom
461 2035 584 2113 fortiter
604 2036 702 2114 feras.
742 2036 813 2095 Sunt
834 2043 864 2095 et
886 2035 960 2096 alio
985 2033 1121 2096 relata:

116 2127 146 2178 ut
161 2117 235 2178 dier
248 2118 406 2196 Domitius,
429 2137 493 2179 cum
507 2119 684 2180 Domitillam
699 2119 888 2196 defenderet,
914 2120 961 2180 cui
976 2117 1123 2179 obiectum

117 2203 235 2277 crimen,
254 2202 332 2280 quod
347 2204 448 2278 virum,
465 2204 513 2282 qui
527 2205 602 2263 inter
616 2202 793 2263 rebellantes
816 2203 931 2280 luerat,
951 2203 1122 2282 sepelisset,

115 2286 268 2345 remiserat
284 2284 431 2363 Claudius,
450 2289 479 2346 in
493 2287 613 2366 epilogo
629 2287 704 2347 lilios
720 2289 783 2348 eius
803 2287 968 2367 alloquens,
989 2285 1122 2349 Matrem

76 2375 234 2445 lttcmec,
257 2371 363 2448 inquit,
383 2374 475 2450 paeri
496 2373 661 2451 sepelitote.
698 2369 735 2431 Et
757 2371 910 2432 aliunde
928 2373 1064 2450 petita,
1093 2369 1122 2431 id

117 2454 205 2513 estin
225 2453 310 2514 alium
326 2449 422 2515 locum
444 2474 482 2516 ex
502 2455 560 2516 alio
580 2456 729 2517 translata.
766 2454 822 2515 Pro
845 2455 965 2535 Spatale
988 2452 1121 2534 Crispus,

117 2538 165 2615 qui
180 2536 319 2599 heredem
332 2547 443 2600 amator
456 2541 632 2601 instituerat:
654 2539 813 2618 Decessit,
837 2560 906 2602 ccccc
921 2540 1051 2603 liaberet
1065 2557 1121 2601 oc·

115 2641 170 2684 nos
192 2624 405 2703 duodeoipinti.
448 2622 605 2687 Hominem
636 2626 789 2702 dicisum,
815 2626 868 2704 qai
895 2625 955 2686 sibi
973 2621 1123 2685 indulsit!

76 2705 198 2768 18Facit
213 2707 350 2785 quasdam
368 2710 527 2769 sententias
551 2709 614 2768 sola
637 2710 857 2786 geminatio:
885 2708 979 2788 qualis
1002 2715 1048 2768 est
1068 2706 1121 2768 Se·

6 2868 8 2873 Ι
116 2807 207 2850 necne
223 2791 251 2850 in
268 2808 305 2850 co
321 2794 442 2870 scripto,
459 2792 536 2871 qnod
552 2791 631 2851 Nero
648 2792 682 2852 ad
703 2793 839 2853 Senatum
854 2795 931 2854 misit
945 2793 1044 2855 occisa
1062 2807 1122 2852 ma·

116 2885 172 2950 tre,
195 2892 259 2954 cum
274 2892 317 2934 se·
328 2876 520 2952 periclitatum
534 2876 627 2936 videri
644 2876 752 2937 vellet:
773 2876 899 2939 Sdocm
915 2897 961 2940 me
979 2897 1047 2940 esse
1062 2875 1123 2938 ad·

115 2960 176 3020 leuc
190 2979 247 3020 ccc
263 2960 357 3021 credo
371 2979 429 3021 mec
438 2962 569 3038 pocdeo.
598 2959 713 3037 Melior,
729 2979 794 3021 cum
807 2979 843 3020 ex
856 2962 1008 3022 contrariis
1021 2959 1118 3022 valet:

117 3041 241 3119 Habeo,
263 3058 349 3121 quem
368 3043 504 3122 [inpiam
533 3061 621 3123 poem
643 3061 776 3124 sequor,
799 3065 859 3108 coo
877 3047 983 3108 taceo.
1028 3043 1122 3123 Occid,

117 3129 198 3204 qaod
218 3128 327 3203 miser,
357 3147 425 3188 eom
446 3129 530 3207 loqui
548 3149 608 3192 coc
627 3139 748 3209 pneset,
771 3140 877 3194 tacere
896 3149 957 3192 coc
976 3127 1123 3208 poterell

76 3209 158 3272 19Ea
179 3227 250 3270 vero
268 3211 299 3270 lit
314 3210 525 3290 pulcherrima,
548 3232 612 3273 cum
628 3213 724 3292 aliqua
741 3216 956 3293 comparatione
973 3210 1122 3273 clarescit.

117 3293 276 3355 Trachalus
293 3304 393 3356 contra
409 3297 562 3376 Spatalen:
585 3297 692 3359 Placet
711 3299 768 3360 doc
783 3317 867 3377 erpo,
883 3298 976 3377 iopes,
993 3297 1122 3376 otttpes-

116 3380 253 3442 tissimtte
264 3382 395 3459 pcdotis
412 3384 570 3462 custodes,
594 3383 733 3444 decimos
752 3383 903 3445 acoribus
917 3381 1009 3460 dati,
1024 3395 1123 3460 quot*-

115 3469 166 3526 ics
180 3465 411 3527 merctticibcs?

85 3620 157 3636 Λι-
