2408 3854
119 197 160 259 86
363 257 365 260 ,
426 197 807 268 u.uuu.omu'u1ulnur

117 363 155 425 Et
171 366 248 444 quod
264 362 369 425 Gioero
385 364 413 422 in
428 363 552 442 quodam
566 363 688 423 ioeulari
704 361 822 423 libello:

181 448 323 512 Fundam
343 446 427 510 Vetto
446 455 551 523 oooot,
573 462 661 525 qoem
676 449 773 526 possit
792 449 910 510 mittere
921 448 1044 528 modo.-

178 532 219 595 Νι
233 542 335 595 tomen
349 533 515 607 reciderit,
537 549 602 610 quo
615 549 696 594 cova
707 532 808 611 fiands
820 540 915 610 patet.

118 618 176 680 Sed
194 617 277 678 huius
300 633 417 696 quoque
435 617 478 676 rei
495 626 628 676 servetur
643 633 777 676 mensura
797 617 948 694 quaedam.
986 616 1125 691 Quamvis

119 711 164 762 est
180 702 254 762 enim
270 702 361 761 omnis
378 700 541 779 hyperbole
556 699 632 760 ultra
647 698 747 776 fidem,
768 709 934 760 nontamen
950 717 1018 761 esse
1036 701 1126 762 debet

76 786 192 848 llultra
212 785 343 860 modum,
368 802 423 844 uso
446 783 502 844 alia
525 784 683 861 via'magis
698 784 726 842 in
742 785 920 862 κακοζηλίαν
940 786 1006 845 itur.
1041 785 1126 863 Piget

117 871 230 930 referre
252 869 373 948 plurima
387 868 454 928 lriuo
473 877 537 929 orta
557 868 641 944 vitia,
666 885 732 928 oum
750 869 923 946 praesertim
937 870 1053 929 minime
1069 869 1126 929 sint

118 955 216 1032 ignota
241 962 270 1014 ει
292 952 427 1014 obscura.
468 951 590 1012 Monere
618 953 687 1011 satis
709 961 771 1029 est,
793 954 906 1013 mentiri
927 952 1124 1032 hyperbolen,

117 1039 238 1116 uerita,
257 1047 287 1097 ut
302 1038 452 1098 merdario
468 1036 574 1097 fallere
588 1035 668 1096 velit.
698 1035 763 1110 Quo
778 1038 870 1116 magis
886 1038 1052 1099 intuendum
1067 1047 1124 1114 est,

118 1139 271 1202 quousque
290 1123 396 1183 deoeat
417 1121 579 1196 extollere,
599 1120 676 1199 quod
696 1120 780 1180 nobis
798 1139 856 1181 nou
879 1118 1013 1184 oreditur.
1055 1122 1124 1183 l’er·

117 1208 196 1265 venit
216 1207 290 1267 haee
312 1225 360 1266 res
382 1206 615 1286 frequentissime
637 1203 673 1265 ad
689 1206 792 1276 risum;
815 1208 863 1286 qui
879 1208 904 1266 si
916 1216 1048 1287 oaptatus
1066 1215 1124 1283 est,

75 1296 109 1352 75
118 1290 302 1373 urbanitatis,
324 1292 370 1351 siu
385 1291 485 1367 aliter,
508 1289 648 1350 stultitiae
661 1306 767 1350 nomeu
784 1291 976 1370 assequitur(
1003 1290 1059 1352 Est
1075 1309 1124 1352 au·

117 1384 175 1434 tem
191 1377 219 1435 iu
234 1394 291 1436 usu·
302 1374 393 1452 vulgo
409 1370 525 1454 quoque
538 1382 567 1433 et
583 1375 658 1433 iuter
673 1375 831 1435 ineruditos
848 1384 878 1436 et
893 1374 970 1455 apud
984 1376 1123 1449 rustioos,

116 1458 256 1519 videlieet
278 1461 343 1537 quia
365 1468 464 1519 natura
488 1466 533 1518 est
556 1458 686 1518 omuibus
709 1459 833 1536 augendi
854 1478 904 1519 res
920 1458 1125 1539 minuendique

119 1542 261 1622 cupiditas
288 1545 388 1620 insita,
417 1561 474 1603 neo
500 1544 651 1621 quisquam
675 1559 746 1602 vero
778 1551 931 1603 contentus
960 1553 1015 1604 est.
1063 1543 1125 1605 Sed

75 1632 109 1690 76
117 1627 294 1706 ignoscitur,
311 1629 378 1706 quia
395 1644 452 1686 non
468 1626 650 1687 affirmamus.
693 1626 764 1688 'lum
780 1636 825 1687 est
842 1627 1005 1703 hyberbole
1020 1629 1121 1704 virtus,

117 1730 181 1772 oum
198 1730 247 1771 res
262 1713 342 1790 ipsa,
361 1712 398 1772 de
414 1729 469 1790 qua
488 1710 662 1789 loquendum
679 1720 740 1789 est,
761 1711 919 1772 naturalem
936 1712 1052 1772 modum
1072 1729 1123 1771 ex·

118 1797 216 1856 cessit.
260 1794 437 1857 Conceditur
453 1797 527 1855 enim
543 1796 665 1875 arnplius
681 1795 798 1872 dicere,
817 1798 884 1875 quia
899 1796 970 1873 dici,
988 1805 1124 1875 quautum

118 1890 180 1956 εει,
199 1896 257 1940 nou
273 1889 388 1959 potest,
404 1879 566 1959 meliusque
582 1879 756 1957 ultraquam
772 1881 843 1941 oitra
857 1889 913 1940 stat
931 1882 1035 1941 oratio.
1064 1879 1122 1941 Sed

117 1964 153 2025 de
174 1964 231 2025 hoo
253 1967 339 2042 satis,
365 1965 432 2045 quia
453 1964 574 2024 eundern
598 1963 694 2024 looum
710 1964 824 2042 plenius
847 1965 875 2024 iu
896 1980 932 2024 eo
949 1963 1042 2042 libro,
1064 1979 1123 2043 quo

118 2066 222 2108 causas
238 2058 394 2128 oorruptae
413 2047 599 2126 eloquentiae
613 2047 821 2123 reddebamus,
841 2048 1036 2109 tractavimus.

469 2255 744 2264 ..-...—....-—-—-.-..

459 2409 663 2474 LIBER
711 2411 773 2475 IX.

116 2538 192 2589 Libro
213 2552 279 2590 nouo
299 2540 362 2591 lrueo
380 2541 551 2594 continentur:
584 2543 638 2602 Quo
662 2541 781 2593 differant
797 2542 894 2607 figurae
916 2555 931 2590 a
949 2541 1041 2606 tropis.
1084 2539 1122 2590 us

150 2608 239 2675 figuris
257 2610 447 2662 sententiarum.
484 2611 522 2662 Do
540 2612 630 2680 liguris
648 2612 793 2664 verborum.
829 2610 867 2660 De
886 2609 1082 2674 compositione.

316 2776 379 2835 QUO
398 2777 579 2829 DIFFERANT
595 2777 737 2829 FIGURAE
756 2779 785 2828 A¹
797 2774 922 2829 TROPIS.

179 2893 202 2952 1.
226 2873 297 2956 ssum
313 2892 350 2952 sit
368 2890 593 2970 proximo‘libro
610 2891 645 2952 de
661 2893 753 2972 tropis
769 2891 889 2951 diotum:
908 2889 1042 2969 sequitur
1056 2904 1123 2968 per·

115 2979 209 3038 tineus
225 2977 260 3038 ad
281 2975 447 3053 figuras,
468 2994 543 3055 quae
561 2971 692 3056 σχήματα
709 2975 822 3037 Graeoe
843 2983 1002 3050 vocantur,
1026 2972 1122 3048 loous,

114 3062 179 3141 ipsa
191 3063 235 3121 rei
248 3069 348 3120 natura
361 3062 529 3121 oouiuuotus
544 3061 699 3141 superiori.
723 3059 795 3120 Nam
807 3058 941 3138 plerique
954 3056 1007 3118 luas
1018 3065 1123 3136 tropos

115 3164 184 3206 esse
202 3146 455 3222 existimaverunt,
468 3146 551 3224 quia,
564 3147 627 3206 sive
641 3162 678 3205 ex
687 3144 744 3204 hoo
756 3145 890 3205 duxerint
904 3159 1026 3218 nomeu,
1045 3139 1123 3220 quod

87 3231 173 3295 asint
189 3229 303 3291 formati
324 3227 446 3307 quodam
461 3229 565 3307 modo,
582 3230 644 3290 sive
658 3247 695 3288 ex
708 3244 762 3304 eo,
786 3227 864 3307 quod
879 3233 994 3287 vertant
1014 3224 1123 3286 oratio·

116 3331 196 3392 uem,
218 3312 293 3374 uude
316 3321 346 3374 et
364 3323 481 3393 motus
500 3313 648 3375 dicuutur:
673 3312 818 3374 fatendum
841 3312 910 3388 erit,
932 3326 1001 3371 esse
1015 3319 1122 3370 utrum·

117 3415 174 3476 que
198 3415 299 3458 eorum
321 3399 406 3460 etiam
427 3400 456 3459 iu
479 3399 589 3476 liguris.
639 3395 716 3458 Usus
738 3412 854 3477 quoque
878 3403 923 3455 est
940 3393 1034 3463 idem;
1057 3410 1122 3454 nam

115 3489 145 3540 et
158 3483 213 3542 vim
229 3483 316 3543 rebus
336 3483 471 3544 adiiciunt
487 3491 517 3542 et
534 3482 656 3560 gratiam
673 3489 831 3560 praestant.
863 3477 926 3539 Neo
943 3477 1058 3554 desunt,
1074 3476 1123 3550 qui

100 3610 211 3636 ι*
