2376 3840
348 198 437 247 msr.
454 197 603 247 aaaron.
620 201 688 248 uun.
704 201 786 267 v111,
799 200 825 254 s.
1041 191 1081 253 83

79 352 186 414 Graeci
200 370 302 413 omnes
318 362 446 413 utuntur:
463 354 501 412 ita
516 354 637 433 plurima
650 355 752 416 similia
768 356 824 416 dici
840 365 971 434 possunt.
1002 356 1083 417 Haec

79 436 240 515 allegoria,
257 447 390 518 quaeest
406 437 574 514 obscurior,
591 440 755 516 aenigma
771 440 888 508 dicitur;
901 440 1000 499 vitium
1016 440 1082 500 meo

80 520 195 599 quidem
210 522 334 597 iudicio,
357 523 382 580 si
398 520 513 599 quidem
529 522 628 582 dicere
646 522 771 584 dilucide
788 524 893 592 virtum
915 540 972 603 quo
988 532 1083 584 tamen

80 614 109 664 et
121 614 230 684 poetae
241 614 371 665 utuntur:

119 687 197 766 Dio,
217 690 328 767 paidos
340 691 373 750 ia
390 691 497 765 terris,
517 696 546 750 et
560 690 625 750 eris
640 689 713 750 mitt
727 709 858 770 mappas
871 686 987 770 Apollo,

123 771 200 834 Tres
211 782 318 853 pateat
335 774 412 835 coeli
424 775 556 853 spatium
576 791 637 834 aaa
656 775 787 852 amphos
801 775 914 837 alnos?

79 866 110 917 et
135 865 270 918 oratores
295 873 511 936 nonnunquam:
536 865 567 916 ut
589 854 704 917 Gaelius
731 858 992 937 quadrantariam
1012 854 1125 938 cip-sa

78 949 312 1018 taemaestram,
325 951 354 1002 et
364 943 397 1002 iu
409 939 541 1002 triclinio
555 957 659 1020 coam,
670 944 703 1003 ia
717 943 856 1007 codiculo
866 944 975 1004 oolam.
1000 940 1083 1002 llam-

79 1043 137 1104 que
154 1034 185 1085 et
201 1043 277 1086 nunc
294 1025 409 1105 quidem
426 1025 577 1085 solvuntur
591 1034 621 1085 et
635 1034 693 1085 tum
710 1036 791 1087 eraut
807 1029 938 1104 notiora,
963 1044 1027 1085 oum
1043 1027 1083 1087 di·
1110 1042 1114 1046 ·

79 1118 230 1178 cereatum
255 1111 417 1187 aenigmata
434 1118 499 1168 sunt
516 1118 627 1185 tamen,
649 1128 704 1170 neo
721 1128 770 1187 ea,
794 1112 847 1171 uisi
863 1112 927 1191 quis
942 1111 1083 1188 interpre-

78 1202 172 1268 tetur,
192 1193 349 1272 intelligas.

164 1278 197 1337 ln
212 1295 249 1338 eo
265 1295 336 1337 vero
352 1295 479 1356 genere,
499 1294 555 1356 quo
572 1280 716 1341 contraria
732 1279 939 1356 ostenduntur,
961 1278 1125 1342 ironiaol

78 1371 141 1431 est;
160 1362 379 1422 illusionem
393 1371 508 1422 vocant.
559 1362 641 1436 Quae
662 1371 711 1423 aut
728 1364 960 1443 pronuntiatione
978 1361 1083 1422 intelli·

77 1447 156 1522 gitur
176 1453 225 1505 aul
239 1462 366 1524 persona
388 1454 435 1506 aut
451 1448 494 1506 rei
514 1455 629 1515 natura;
656 1464 737 1524 uam,
760 1450 784 1506 si
803 1465 858 1526 qua
874 1465 972 1508 earum
985 1445 1083 1506 verbis

77 1531 226 1606 dissentit,
244 1538 365 1609 apparet
382 1531 525 1591 diversam
542 1548 609 1590 esse
626 1533 748 1591 orationi
762 1533 948 1592 voluntatem.
990 1530 1083 1604 Quan-
1092 1541 1124 1593 55

78 1631 164 1692 quam
181 1616 210 1673 in
227 1615 356 1692 plurimis
378 1614 406 1674 id
423 1616 515 1692 tropis
533 1615 654 1691 accidit,
670 1625 701 1675 ut
715 1617 844 1691 intersit,
867 1615 935 1695 quid
955 1616 992 1675 de
1012 1631 1082 1692 quo-

80 1715 135 1776 que
150 1698 277 1774 dicatur,
302 1699 384 1776 quia,
408 1698 485 1776 quod
500 1698 618 1775 dicitur,
640 1699 708 1759 alibi
725 1717 824 1759 rerum
841 1709 896 1760 est.
939 1698 977 1758 Et
991 1698 1083 1758 laudis

78 1790 173 1841 autem
196 1781 378 1842 simulatione
394 1782 549 1843 detrahere
571 1792 600 1843 et
615 1784 836 1863 vituperationis
856 1783 991 1857 laudare,
1015 1798 1083 1841 oon·

78 1883 195 1925 cessum
211 1875 271 1927 est:
290 1864 380 1939 Quod
396 1862 428 1926 0.
446 1865 576 1943 Verres,
588 1874 718 1945 praetor
734 1867 890 1944 urbanas,
908 1867 994 1928 tomo
1009 1884 1084 1927 saa-

79 1958 146 2012 ctas
161 1957 191 2011 et
206 1952 352 2029 diligens,
376 1951 618 2012 subsortitionem
633 1953 699 2012 eius
717 1953 750 2012 iu
766 1971 800 2013 eo
821 1950 929 2011 codiee
948 1967 1008 2011 aaa
1028 1949 1084 2010 lra-

77 2033 172 2098 beret.
213 2033 251 2094 Iit
266 2043 381 2095 contra:
402 2032 550 2096 Oratores
563 2036 623 2096 eise·
637 2054 743 2097 somam
764 2044 793 2097 et
806 2035 920 2114 popolo
938 2034 1081 2111 imposui-

78 2137 154 2180 mas.
198 2117 362 2197 Aliquando
390 2136 453 2179 oum
479 2119 539 2178 risu
565 2120 689 2199 quodam
716 2121 859 2180 contraria
884 2118 1016 2178 dicuntur
1038 2117 1128 2192 iisse

79 2219 154 2280 quae
176 2201 299 2279 intelligi
320 2203 436 2263 volunt:
460 2203 547 2282 quale
569 2206 658 2264 estin
676 2202 824 2279 Clodium,
843 2201 1010 2281 integritas
1032 2210 1085 2262 tao

78 2289 280 2366 repurgavit,
296 2287 369 2348 mitt
384 2287 494 2364 erede,
508 2289 612 2366 pudor
626 2290 754 2367 eripuit,
776 2290 839 2349 oita
854 2294 1000 2348 anteacta
1016 2304 1085 2347 ser-

78 2372 171 2433 oam't.
214 2369 333 2431 Praeter
353 2371 428 2431 haec
445 2389 514 2430 usus
532 2380 578 2431 est
599 2371 776 2451 allegoriae,
798 2379 829 2431 ut
845 2371 937 2430 tristia
958 2370 1127 2432 dicamusii

77 2453 246 2515 melioribus
271 2455 370 2515 verbis
395 2464 444 2516 aut
469 2454 563 2514 bonae
586 2457 630 2515 rei
653 2458 746 2534 gratia
770 2454 909 2534 quaedam
932 2454 1084 2513 contrariis

79 2538 284 2616 significemus.
333 2536 386 2598 Gui
408 2547 437 2598 ei
454 2541 701 2600 annumeravimus
722 2539 811 2599 lraeo:
834 2539 859 2596 si
878 2538 941 2616 quis
957 2539 1083 2613 ignorat,

79 2622 184 2700 quibus
200 2621 304 2683 Graeci
328 2623 489 2683 nominibus
511 2622 676 2702 appellent,
703 2614 890 2702 σαρκασμὸν,
917 2610 1082 2696 ἆστεϊσμόν,
1114 2690 1118 2695 g

79 2703 272 2788 ἅντίφρασιν,
288 2707 451 2786 παροιμίαν
468 2707 524 2767 dici
540 2709 623 2767 sciat.
652 2707 723 2767 Sunt
744 2707 845 2779 etiam,
866 2705 914 2781 qui
935 2703 1009 2763 haec
1029 2709 1128 2764 nou58

78 2791 196 2869 species
216 2790 378 2868 allegoriae
399 2790 452 2851 sed
475 2793 538 2869 ipsa
558 2800 660 2869 tropos
685 2791 797 2856 dicaut;
821 2789 881 2848 acri
905 2786 1019 2866 quidem
1040 2804 1085 2847 ra·

78 2877 172 2951 tione,
190 2875 268 2952 quod
282 2874 333 2934 illa
346 2874 500 2935 obscurior
514 2875 565 2951 sit,
580 2876 609 2933 in
620 2874 664 2935 his
677 2872 806 2933 omnibus
819 2881 921 2950 aperte
934 2880 1085 2950 appareat,

79 2958 145 3035 quid
165 2957 298 3018 velimus.
338 2956 390 3018 Cui
412 2959 526 3020 accedit
547 2958 604 3018 hoo
627 2975 761 3037 quoque,
785 2957 863 3035 quod
884 2973 995 3034 genus,
1022 2973 1086 3015 curu

78 3040 212 3102 dividitur
229 3044 257 3101 in
272 3044 407 3121 species,
430 3042 499 3104 nihil
515 3041 603 3102 habet
616 3044 782 3121 proprium,
801 3049 831 3100 ut
853 3039 941 3100 arbor
956 3042 1039 3119 pinus
1057 3048 1086 3098 et

79 3125 145 3186 olea
168 3136 198 3186 et
223 3143 398 3204 cupressus,
426 3136 456 3187 et
480 3127 570 3205 ipsius
589 3144 643 3205 per
661 3144 694 3186 se
712 3125 790 3186 nulla
806 3126 986 3204 proprietam
1014 3122 1085 3183 alle-

78 3211 161 3285 goria
181 3226 254 3270 vero
275 3209 363 3271 habet
382 3210 489 3289 aliquid
511 3211 669 3288 proprium.
714 3209 798 3283 Quod
827 3225 884 3287 quo
910 3207 996 3267 modo
1023 3205 1085 3263 ieri

78 3302 194 3371 potest,
223 3294 277 3353 nisi
299 3295 363 3372 ipsa
387 3296 504 3373 species
527 3290 593 3354 est?
638 3294 697 3354 Sed
723 3295 861 3354 utentium
892 3291 961 3351 nihil
983 3287 1128 3352 refertsi

79 3374 222 3520 &dicitur
236 3377 281 3437 his
292 3367 507 3459 μυκτηρισμός,
526 3378 719 3438 dissimulatus
732 3377 843 3457 quidam
856 3376 909 3435 sed
920 3390 977 3433 uon
991 3373 1084 3433 latens

98 3478 203 3522 errsus.

905 3542 951 3602 Q*
