2408 3854
148 184 188 246 50
469 191 832 252 ranunomurrmnru

146 349 286 431 prosequi
299 364 357 408 uon
368 348 462 426 possit
476 349 613 423 intentio,
629 366 685 406 nec
698 346 867 406 traiectione
882 345 958 407 ultra
968 347 1085 409 modum
1100 349 1149 427 ltp-

145 433 259 515 perltati
275 432 338 492 linis
353 433 415 490 eius
432 431 590 491 differatur.
632 430 743 505 Quibus
761 429 855 490 adhuc
868 430 953 510 peior
967 439 1015 491 est
1028 433 1151 496 mixtura

145 518 316 592 verborum,
334 515 427 594 qualis
440 516 469 574 in
481 515 533 575 illo
548 534 635 575 versu

229 600 320 663 Socra
335 607 446 662 occant
455 597 547 674 Itali,
563 601 671 661 mediis
685 616 766 679 quoe
779 601 812 661 im
825 597 985 677 parotides,
1001 618 1089 662 cras.

103 691 136 742 15
144 687 238 748 Etiam
259 684 460 744 interiectione
483 684 555 763 (qua
576 693 604 744 et
625 693 758 745 oratores
780 693 809 744 et
830 682 962 743 historici
981 683 1150 762 frequenter

145 779 277 845 utuntur,
301 776 332 827 ut
349 767 443 828 medio
461 785 596 828 sermone
614 768 738 847 aliquem
759 770 888 828 inserant
909 770 1042 848 sensum)
1061 770 1148 849 impe·

145 855 199 915 diri
223 853 300 912 solet
325 852 510 928 intellectus,
541 853 610 928 nisi,
640 853 719 931 quod
743 853 951 931 interponitur,
978 850 1072 913 breve
1095 862 1148 914 est

146 937 218 998 Nam
232 935 380 1014 Vergilius
394 936 447 999 illo
460 937 544 1011 loco,
563 953 621 1014 quo
638 936 749 1015 pullum
764 936 899 1014 equinum
915 936 1071 1014 describit,
1088 955 1151 999 cum

145 1020 278 1097 dixisset,

405 1103 472 1167 Nec
491 1123 588 1167 camos
607 1105 712 1168 mrrec
731 1099 888 1183 strepuisse,

145 1188 341 1270 compluribus
357 1189 473 1249 insertis
492 1189 547 1249 alia
563 1189 654 1266 ligura
670 1190 768 1267 quinto
785 1187 897 1249 demum
912 1207 1000 1249 versu
1015 1190 1103 1269 redit,

227 1308 270 1320 -
287 1309 323 1320 -
344 1271 435 1349 Tum,
458 1274 563 1352 siquo
583 1292 689 1334 sonum
701 1273 814 1353 procot
827 1291 918 1335 orma
939 1274 1067 1352 dedere,

228 1357 321 1420 Stare
338 1360 404 1420 loco
419 1360 525 1421 nescit.

105 1442 264 1507 divitanda
280 1442 421 1520 inprimis
437 1441 625 1519 ambiguitas,
647 1457 705 1501 uon
720 1440 795 1501 haec
810 1440 923 1516 solum,
944 1441 981 1501 de
1000 1441 1084 1501 cuius
1099 1458 1148 1520 gc·

38 1512 53 1541 ‘
144 1544 215 1586 nere
235 1543 322 1605 supra
342 1525 448 1585 dietum
471 1535 531 1601 est,
553 1542 627 1604 quse
643 1527 783 1586 incertum
806 1524 986 1585 intellectum
1007 1525 1094 1586 iacit:
1120 1535 1150 1587 ot

145 1607 330 1671 Chremetem
351 1610 459 1671 oudini
479 1611 674 1691 permississe
693 1608 849 1677 Demeam·
876 1608 930 1668 sed
947 1609 999 1670 illa
1020 1626 1148 1690 quoque,

143 1712 233 1772 quac,
248 1692 358 1754 etiarnsi
373 1693 490 1755 turbare
505 1711 562 1754 non
578 1702 678 1773 potest
692 1711 826 1768 sensum,
842 1694 870 1752 in
881 1693 957 1753 idem
971 1702 1070 1754 tamen
1084 1712 1148 1755 ver·

142 1777 244 1838 borum
260 1778 358 1837 vitium
373 1778 488 1854 incidit,
505 1788 535 1838 nt
550 1780 574 1838 si
592 1779 657 1856 quis
674 1778 768 1853 dicat,
790 1778 890 1838 cisum
908 1797 929 1839 o
949 1796 983 1840 sc
998 1778 1150 1841 dominam

142 1863 252 1924 librom
274 1862 466 1924 scribentem.
508 1861 580 1922 Nam
600 1863 711 1923 etiamsi
734 1860 837 1921 lilrrum
858 1859 895 1921 ab
920 1861 1035 1922 lromiue
1062 1861 1150 1923 scribi

142 1955 237 2025 patet:
259 1945 334 2006 male
349 1955 445 2006 tamen
460 1947 658 2026 composuerit
673 1945 835 2025 feceritque
857 1944 1036 2023 ambiguum,
1062 1964 1148 2025 qnan-

142 2039 200 2090 tum
214 2031 243 2090 in
262 2032 327 2109 ipso
344 2029 405 2089 luit.

103 2123 134 2177 lt
227 2113 280 2174 Est
304 2115 389 2174 etiam
409 2115 436 2174 iu
459 2115 628 2194 quibusdam
648 2114 730 2175 turha
752 2115 876 2173 inanium
895 2112 1070 2190 verborum,
1089 2114 1149 2194 qui,

143 2198 208 2257 dum
229 2215 407 2258 communem
427 2198 563 2276 loquendi
584 2216 693 2259 morem
715 2197 921 2274 reformidant,
948 2198 1026 2259 ducti
1046 2199 1150 2278 specio

142 2282 242 2342 nitoris
271 2284 447 2343 circumeunt
470 2283 563 2343 omnis
582 2285 703 2363 eopiosa
725 2283 918 2361 loquacitate,
949 2298 1024 2360 quae
1048 2281 1149 2344 dicere

143 2366 258 2435 nolunt;
281 2367 373 2445 ipsam
394 2366 500 2427 deinde
518 2366 597 2428 illam
612 2368 719 2428 seriem
734 2385 799 2427 cum
815 2366 871 2427 alia
892 2367 977 2426 simili
993 2367 1148 2444 iungentes

142 2451 372 2529 miscentesque,
399 2450 473 2511 ultra
502 2469 586 2529 quam
608 2452 683 2513 ullus
705 2452 823 2530 spiritus
841 2451 946 2511 durare
962 2452 1074 2530 possit,
1100 2469 1148 2512 ex·

101 2541 134 2596 18
141 2534 268 2595 tendunt.
309 2534 341 2594 lu
356 2535 413 2595 hoc
429 2536 533 2596 malurn
549 2555 565 2597 a
581 2536 750 2615 quibusdam
766 2534 851 2594 etiam
866 2534 1028 2603 laboratur}
1051 2550 1148 2615 neque

141 2619 170 2680 id
185 2635 291 2679 novum
311 2618 410 2679 vitium
426 2629 487 2696 est,
514 2638 577 2679 curn
597 2622 654 2681 inm
669 2619 746 2699 apud
761 2618 855 2679 Titum
869 2617 978 2679 Livium
993 2619 1147 2695 inveniam,

141 2704 232 2764 luisse
248 2713 472 2783 praeceptorem
484 2704 624 2783 aliquem,
641 2705 690 2782 qui
701 2703 861 2782 discipulos
877 2702 1053 2778 obscurare,
1073 2717 1149 2784 quas

142 2788 294 2863 dicerent,
312 2787 440 2862 iuberet,
464 2786 576 2848 Graeco
593 2787 684 2847 verbo
702 2795 786 2846 utens
804 2781 947 2848 σκότισον.
991 2786 1076 2848 Unde
1100 2786 1148 2849 illu

143 2871 256 2932 scilicet
273 2873 394 2948 egregia
414 2871 554 2932 laudatio:
577 2870 672 2933 Tanto
692 2872 819 2943 melion·
841 2890 880 2933 me
895 2890 949 2950 epo
960 2872 1088 2950 quidem
1101 2874 1147 2934 im·

101 2961 132 3015 19
140 2957 251 3018 telleci.
285 2955 360 3030 Alii,
377 2954 548 3015 brevitatem
559 2957 693 3016 aemulati
706 2956 874 3017 necessaria
888 2973 1006 3035 quoque
1023 2956 1148 3020 orationi

141 3036 311 3099 subtrahunt
325 3038 415 3098 verba
433 3048 476 3114 et,
499 3039 581 3100 velut
596 3042 665 3100 satis
681 3041 718 3099 sit
738 3042 815 3101 scire
835 3041 932 3119 ipsos,
956 3040 1032 3119 qua'o
1047 3040 1148 3103 dicere

139 3122 244 3199 velint,
275 3131 409 3200 quamum
435 3122 471 3183 ad
496 3123 570 3184 alios
596 3127 756 3204 pertineat,
786 3123 856 3184 nihil
877 3133 986 3204 putant.
1028 3123 1068 3186 dt
1088 3141 1147 3203 eqo

141 3208 265 3267 otiosum
281 3222 443 3266 sermonem
459 3206 594 3284 dixerim,
618 3225 704 3287 quem
722 3209 836 3269 auditor
851 3226 904 3268 suo
922 3210 1040 3287 ingenio
1061 3208 1148 3272 intel·

140 3290 212 3368 ligit.
255 3289 392 3367 Quidam,
416 3295 548 3352 emutatis
563 3294 592 3351 in
613 3311 784 3372 perversum
798 3292 912 3353 dicendi
930 3293 1048 3370 liguris,
1071 3292 1148 3356 idem
1179 3362 1189 3381 ι

97 3377 236 3434 aonidum
252 3385 476 3454 consequuntur.
509 3376 637 3437 Pessima
652 3395 724 3440 vero
742 3385 807 3446 snut
821 3368 983 3455 ἀδιανόητα
989 3419 999 3455 ,
1015 3376 1075 3437 lroc
1090 3384 1148 3455 est,

140 3475 215 3538 quse
237 3458 334 3519 verbis
350 3469 451 3539 aperta
469 3460 603 3520 occultos
619 3478 722 3520 sensus
740 3459 862 3521 habent:
882 3470 914 3522 ut
937 3457 1013 3521 Cum
1034 3461 1149 3528 dectus
