2408 3854
143 153 204 215 232
478 163 837 223 u.unn.ousur1u1nn1

144 321 262 399 privatis
282 320 393 380 modus.
427 318 473 380 De
491 319 620 397 partibus
638 335 743 377 causae
762 325 792 376 et
809 317 960 376 sententiis
975 317 1150 401 veritisque,

143 421 219 483 quae
236 412 301 463 sunt
317 403 501 481 multiplicia,
517 401 648 481 pluribus
664 400 827 461 dicendum.

88 504 136 558 154
227 485 295 548 'l'ria
311 496 405 547 autem
421 494 572 565 praestare
588 482 678 545 dehet
692 485 899 562 pronuntiatio:
917 485 1064 561 conciliet,
1081 501 1151 565 per·

33 640 39 647 ,
144 571 280 645 suadeat,
306 578 439 645 moreat,
465 569 570 648 quibus
594 577 694 628 natura
719 566 875 643 cohaeret,
898 569 984 628 etiarn
1007 569 1148 631 delectet.

79 656 84 665 '
144 652 318 714 Conciliatio
333 654 398 714 lere
414 663 462 713 aut
478 652 728 713 commendatione
744 667 869 727 morum,
893 653 940 729 qui
956 654 1059 713 nescio
1075 670 1148 732 quo-

143 738 230 799 modo
249 755 287 798 ex
302 755 378 798 voce
400 738 486 798 etiam
502 746 590 816 atque
611 736 726 797 actione
749 735 914 813 pelluoeut,
939 746 986 796 aut
1008 739 1152 798 orationis

144 823 285 883 suavitate
303 830 429 889 constan
448 821 643 900 persuadendi
658 821 703 878 vis
720 816 923 895 affirmatione,
942 838 1017 899 quac
1034 822 1149 882 interim

86 912 135 963 155
145 906 210 984 plus
227 906 300 985 ipsis
324 904 546 984 probationibus
569 903 658 964 valet.
687 900 739 964 Ast
761 905 838 978 leto,
863 904 953 983 inquit
971 901 1083 965 Calidio
1100 903 1148 965 ci-

144 1006 232 1066 cero,
249 991 367 1052 moero
381 997 496 1067 essent,
514 988 561 1051 otc
577 1005 598 1049 o
611 996 641 1050 te
655 988 856 1050 dicerentur?
880 997 928 1065 et,
949 986 1080 1049 Tantum
1093 991 1148 1050 ud·

143 1081 204 1152 eet,
225 1081 262 1135 ot
271 1071 482 1152 indemnem-ee
498 1082 617 1135 nostroe
634 1073 771 1144 animosa
788 1080 925 1134 cononem
939 1074 998 1133 isto
1010 1072 1078 1134 loco
1094 1074 1149 1134 cie

143 1158 328 1220 tenebamus.
361 1152 481 1218 Fiducia
498 1159 585 1235 igitur
599 1165 740 1236 appareat
762 1165 793 1216 et
807 1156 985 1232 constantia,
1007 1155 1108 1235 utique
1123 1158 1150 1216 si

86 1244 136 1299 156
144 1241 300 1303 auctoritas
316 1241 427 1302 subest.
460 1240 596 1301 Moveudi
618 1248 714 1301 autem
728 1241 803 1300 ratio
819 1248 867 1300 aut
881 1240 910 1300 iu
923 1249 1148 1317 repraesentan-

145 1325 189 1385 dis
207 1333 252 1384 est
269 1334 318 1386 aut
338 1325 480 1386 imitandis
497 1324 659 1385 areentur.
695 1322 775 1401 Ergo
799 1336 863 1384 cnm
879 1324 968 1384 iudex
983 1325 1011 1383 in
1026 1325 1151 1401 privatis

144 1418 192 1469 aut
211 1426 320 1486 praeco
343 1409 371 1466 in
392 1408 518 1486 publicis
538 1408 638 1469 dicere
663 1408 700 1468 de
723 1425 811 1468 causa
827 1409 957 1468 iusserit:
981 1408 1086 1467 leniter
1102 1416 1148 1468 est

39 1522 41 1531 ι
145 1492 390 1568 consurgendum
407 1501 465 1551 turn
481 1493 509 1550 in
525 1491 725 1570 componenda
737 1501 807 1569 toga
820 1491 880 1567 vel,
898 1492 923 1550 si
937 1508 1064 1551 necesse
1080 1493 1147 1567 erit,

144 1577 230 1634 etiam
248 1592 286 1634 ex
306 1576 422 1652 integro
439 1576 607 1652 inliciendo,
633 1575 769 1636 duntaxat
783 1578 812 1635 in
827 1575 939 1636 iudiciis
956 1575 1048 1654 (apud
1069 1575 1147 1653 priu-

145 1660 241 1737 cipem
257 1660 331 1717 enirn
348 1666 377 1717 et
398 1660 582 1736 magistratus
604 1673 639 1719 ac
655 1658 808 1720 tribunalia
825 1676 883 1719 nou
898 1658 1013 1737 licebit)
1030 1658 1147 1737 paulurn

145 1742 388 1819 commorandum,
404 1752 435 1803 ut
451 1752 481 1802 et
495 1745 614 1804 amictus
630 1745 666 1802 sit
682 1743 833 1803 decentior
849 1752 878 1802 et
893 1743 1024 1821 protinus
1039 1741 1148 1820 aliquid

86 1827 230 1905 lstspatii
253 1825 290 1885 ad
312 1826 504 1904 cogitandum.
538 1825 631 1887 litiatn
649 1835 713 1886 culn
730 1828 766 1887 ad
781 1827 907 1887 iudicem
922 1844 975 1886 uos
992 1835 1147 1885 converte·

144 1911 248 1987 rimus,
265 1919 303 1969 *ct
319 1911 466 1970 consultus
482 1919 602 1989 praetor
619 1911 786 1990 permiserit
800 1911 916 1970 dicere:
940 1924 997 1970 non
1015 1910 1147 1988 protinus

145 2003 189 2053 est
205 1994 428 2073 erumpendum,
454 1995 511 2055 sed·
530 1995 622 2055 danda
644 1995 743 2054 brevis
766 1995 934 2071 cogitationi
952 2009 1042 2053 mora.
1073 1990 1147 2052 llire

144 2079 219 2137 enirn
235 2076 394 2139 auditurum
411 2079 515 2139 dicturi
529 2096 597 2138 cura
612 2078 756 2153 delectat,
779 2087 809 2138 et
828 2077 916 2138 iudex
936 2094 970 2137 se
988 2078 1053 2156 ipse
1069 2092 1147 2136 com-

87 2161 234 2240 158ponit.
262 2160 325 2221 Hoc
341 2163 485 2240 praecipit
497 2161 638 2222 llomerus
653 2159 747 2221 Ulixis
762 2161 910 2240 exemplo,
928 2176 1015 2241 quern
1028 2161 1153 2221 stetisse

143 2245 240 2307 oculte
255 2246 287 2304 in
307 2252 423 2306 terrem
443 2245 554 2323 deficta
568 2247 748 2324 immotoque
770 2251 907 2324 sceptro,
930 2246 1097 2324 priusquam
1114 2243 1147 2303 il-

144 2328 201 2388 lam
217 2327 402 2406 eloquentiae
420 2330 582 2406 procellam
598 2329 776 2406 effunderet,
801 2329 878 2390 dicit.
911 2328 943 2388 ln
959 2329 1016 2389 han
1031 2335 1147 2387 cuncta·

97 2474 102 2482 ,
144 2413 223 2472 tione
249 2420 314 2471 sont
338 2412 480 2491 quaedam
502 2430 560 2472 non
585 2413 773 2489 indecentes,
801 2422 831 2472 ut
854 2413 1004 2491 appellant
1024 2411 1147 2485 scenici,

144 2511 260 2555 morae:
283 2504 368 2575 capnt
385 2495 530 2574 mulcere,
554 2514 666 2558 manum
683 2498 804 2572 intueri,
820 2497 979 2574 intringere
996 2493 1147 2568 articulos,

145 2579 281 2639 simulare
309 2589 459 2656 conatum,
492 2582 685 2660 suspiratione
714 2581 937 2641 sollicitudiuem
964 2578 1067 2653 lateri,
1100 2585 1149 2638 aut

145 2664 226 2744 quod
239 2678 382 2744 quemque
398 2665 489 2743 magis
509 2666 723 2743 dee·et,·e·nq‘ne
739 2665 857 2739 diutius,
880 2665 904 2723 si
920 2663 1008 2723 iudex
1023 2661 1150 2720 nondum

88 2758 138 2812 159
146 2748 274 2808 intendet
292 2751 421 2809 animum.
455 2749 551 2810 Status
569 2749 685 2828 quidem
699 2757 798 2808 rectus
819 2748 855 2807 sit
877 2748 931 2808 sed
952 2745 1147 2822 diducti-pau·

146 2830 202 2889 lum
223 2832 317 2908 pedes
337 2833 386 2892 vel
413 2833 579 2912 procedens
596 2834 713 2893 minimo
734 2840 878 2893 momento
894 2831 1026 2898 sinister;
1051 2843 1149 2906 genua

144 2921 237 2988 recta,
254 2916 297 2975 sio
311 2924 417 2992 tannen,
432 2925 463 2975 ut
479 2932 537 2977 uon
554 2917 755 2988 extendantur.
778 2915 895 2976 ilumeri
910 2914 1035 2989 remissi,
1051 2911 1148 2971 vultus

146 3012 285 3073 severus,
307 3014 365 3059 non
380 3007 507 3060 maestus
522 3008 578 3060 nec
593 3010 713 3080 stupens
727 3019 784 3061 uec
805 2999 969 3077 languidum
994 2995 1113 3057 brachia
1131 3011 1149 3053 a

145 3080 238 3140 latere
255 3080 370 3141 modice
384 3091 514 3152 remota;
530 3101 630 3144 manns
645 3085 776 3159 sinistra,
795 3083 911 3162 qualem
926 3098 1013 3160 supra
1028 3080 1148 3140 denton-

145 3163 249 3232 stravi;
273 3163 385 3240 dextra,
403 3184 467 3226 curn
482 3168 537 3227 iam
552 3167 746 3246 incipiendum
762 3168 827 3242 erit,
844 3166 959 3246 paulum
977 3163 1090 3244 prolata
1106 3159 1147 3220 ul·

144 3255 189 3308 tra
205 3248 296 3307 sinum
310 3258 395 3326 gestu
412 3268 496 3329 quam
510 3250 733 3326 modestissimo,
749 3250 831 3311 velut
845 3257 1015 3328 expectans,
1032 3244 1148 3327 modo

91 3331 338 3409 rootncipiendun
365 3335 411 3393 sit.
443 3333 555 3395 Vitiosa
582 3333 657 3393 enim
678 3343 742 3393 sunt
766 3334 833 3410 illa,
861 3334 964 3393 intueri
989 3328 1147 3403 lacunaria,

146 3415 306 3493 perfricare
328 3417 434 3478 faeiem
456 3428 484 3479 et
501 3421 582 3499 quasi
598 3419 759 3498 improbam
777 3417 895 3494 lacere,
918 3415 1040 3477 tendere
1057 3410 1146 3474 conli-
