2408 3854
353 219 442 267 INST.
455 218 605 268 ORATOR.
621 220 689 267 LIB.
705 222 772 286 vn,
787 220 813 271 2·
1052 217 1091 274 17

77 388 141 451 tas,
158 373 319 449 humilitas,
343 391 432 452 opes,
454 383 484 433 ut
501 374 604 452 cuique
621 377 737 453 ingenio
754 376 798 434 vis
815 385 879 451 est,
902 379 931 436 in
946 378 1091 441 diversum

77 459 240 520 trahuntur.
284 457 370 517 Probi
393 476 465 517 vero
494 475 591 517 mores
620 467 649 517 et
670 467 820 518 anteactae
842 460 918 520 vitae
940 464 1134 541 integritas33

78 559 225 622 nunquam
245 557 302 600 non
323 542 475 619 plurimum
497 542 667 619 profuerint.
706 543 736 602 st
760 541 830 602 nihil
847 542 1015 605 obiicietur:
1040 565 1090 625 pa·

77 638 181 688 tronus
200 624 314 703 quidem
329 627 356 683 in
372 625 429 684 hoc
443 625 632 685 vehementer
647 626 808 694 incumbam
825 639 981 689 accusator
996 639 1091 690 autem

76 713 116 772 ad
131 718 316 790 praesentem
333 711 548 788 quaestionem,
565 710 601 769 de
618 727 673 788 qua
689 710 752 770 sola
768 710 902 770 iudicium
917 714 973 790 sit,
991 717 1091 793 cogni·

77 797 188 856 tionem
216 792 347 871 alligabit
376 792 495 869 dicens,
524 796 665 853 neminem
685 811 743 853 non
771 795 925 872 aliquando
954 800 1092 876 coepisse

77 894 225 958 peccare,
247 894 302 936 neo
322 895 376 955 pro
397 879 529 936 encomio
550 876 710 937 ducendum
728 879 826 938 scelus
842 880 974 957 primum.
1010 882 1134 948 Haecar

77 965 109 1022 in
123 960 340 1041 respondendo.
377 960 426 1021 Sic
448 970 543 1022 autem
565 961 752 1040 praeparabit
773 963 887 1022 actione
906 966 998 1043 prima
1019 967 1090 1027 iudi·

77 1065 144 1108 cum
165 1045 291 1120 animos,
314 1053 345 1104 ut
367 1045 496 1105 noluisse
513 1047 609 1124 potius
626 1045 756 1105 obiicere
773 1063 857 1125 quam
878 1065 936 1107 non
958 1050 1092 1126 p'otuisse

78 1131 225 1192 credatur.
262 1127 374 1207 idoque,
391 1130 481 1188 satius
503 1139 564 1205 est,
589 1145 673 1188 omne
689 1147 722 1189 se
738 1138 890 1190 anteactae
906 1133 983 1191 vitae
1003 1131 1092 1193 absti-

76 1232 150 1274 nere
173 1214 305 1273 conuicio
329 1231 412 1292 quam
430 1212 542 1273 levibus
559 1223 607 1272 aut
628 1213 741 1272 frivolis
762 1222 811 1272 aut
831 1215 984 1274 manifesto
1008 1217 1092 1276 lalsis

76 1316 160 1358 reum
176 1300 341 1374 incessere,
359 1299 423 1376 quia
440 1296 511 1356 lides
529 1298 636 1357 ceteris
653 1297 827 1372 detrahitur,
845 1300 936 1377 etqui
954 1299 1025 1358 nihil
1040 1299 1091 1359 ob·

76 1384 155 1456 iicit,
180 1382 313 1441 omisisse
337 1380 416 1441 credi
439 1389 538 1458 potest
558 1378 712 1441 maledicta
735 1390 868 1459 tanquam
893 1400 1090 1462 supervasum

78 1465 212 1545 quivena
224 1467 373 1542 congerit,
392 1465 546 1524 confitetur
559 1482 663 1524 vanum
679 1467 707 1524 in
720 1467 861 1525 anteactis
880 1476 1090 1544 argumentum,

75 1549 228 1628 inquibus
250 1549 326 1608 vinoi
345 1566 429 1627 quam
446 1558 546 1609 tacere
567 1548 709 1609 maluerit.
745 1546 870 1626 Cetera,
895 1568 970 1630 quae
989 1569 1005 1611 a
1022 1569 1088 1630 per·
1099 1563 1133 1618 35

75 1634 158 1694 sonis
175 1634 240 1694 duci
256 1632 367 1708 solent,
384 1634 412 1692 in
428 1641 660 1711 argumentorum
676 1622 750 1693 locis
766 1636 965 1712 exposuimus.

162 1718 296 1778 Proxima
312 1725 357 1776 est
373 1734 411 1776 ex
430 1718 556 1777 causis
574 1715 726 1795 probatio,
744 1719 772 1776 in
790 1717 894 1795 quibus
909 1717 984 1778 haec
1000 1717 1090 1777 maxi-

76 1820 123 1862 me
148 1809 332 1881 spectantur,
359 1802 418 1877 ira,
448 1801 559 1876 odium,
585 1810 694 1876 metus,
724 1799 882 1879 cupiditas,
911 1820 996 1879 spes;
1026 1818 1090 1860 nam

75 1887 191 1964 reliqua
213 1887 241 1944 in
260 1885 362 1946 horum
384 1887 501 1963 species
523 1884 636 1944 cadunt.
675 1883 803 1958 Quorum
825 1885 849 1942 si
871 1884 939 1963 quid
958 1885 988 1944 in
1009 1901 1090 1944 reum

75 1970 248 2030 conveniet:
271 1969 450 2029 accusatoris
475 1977 520 2028 est
542 1967 679 2044 efhoere,
709 1967 744 2027 ad
767 1966 903 2046 quidquid
925 1967 1089 2028 iaciendum

76 2071 184 2114 causae
196 2052 300 2114 ualere
312 2052 481 2128 videantur,
499 2069 623 2130 easque,
637 2068 708 2128 quas
724 2054 755 2111 in'
768 2059 967 2128 argumentum
983 2059 1087 2126 sumet,

76 2155 203 2216 augere;
228 2139 254 2196 si
278 2137 384 2196 minus:
408 2134 478 2196 illuo
502 2135 679 2197 conferenda
701 2145 746 2195 est
768 2136 881 2212 oratio,
904 2145 953 2195 aut
977 2135 1132 2214 aliquas36

77 2223 205 2281 fortasse
221 2220 344 2280 latentes
363 2220 469 2296 luisse,
486 2230 534 2280 aut
549 2220 619 2280 nihil
632 2219 667 2279 ad
683 2238 745 2279 rem
760 2221 926 2298 pertinere,
944 2238 996 2279 cur
1007 2218 1088 2279 iece-

75 2307 129 2379 rit,
155 2306 179 2363 si
200 2305 285 2380 lecit,
308 2312 356 2364 aut
380 2306 465 2364 etiam
483 2302 595 2387 dignius
616 2321 683 2363 esse
708 2303 777 2363 odio
794 2303 912 2379 scelus,
938 2302 1016 2383 quod
1032 2320 1095 2362 nou.

75 2387 209 2448 habuerit
232 2402 357 2448 causam.
394 2388 534 2448 Patronus
556 2405 647 2464 vero,
669 2390 803 2466 quotiens
819 2389 945 2467 poterit,
972 2385 1090 2446 instabit

75 2472 144 2531 hoio
159 2471 243 2548 loco,
259 2481 290 2531 ut
305 2471 375 2531 nihil
388 2470 529 2531 credibile
546 2474 583 2531 sit
598 2471 705 2531 lactum
721 2489 788 2531 esse
800 2473 863 2531 sine
876 2489 975 2531 causa.
1003 2469 1089 2542 Quod

76 2553 183 2615 Cicero
205 2556 457 2615 vehementissime
478 2554 574 2615 multis
591 2554 769 2614 orationibus
785 2563 905 2629 tractat,
928 2553 1089 2632 praecipue

75 2649 172 2699 tamen
196 2656 249 2717 pro
265 2639 399 2715 Vareno,
423 2641 470 2717 qui
499 2639 629 2698 omnibus
651 2637 715 2698 aliis
739 2637 941 2717 premebatur;
971 2653 1035 2697 nam
1060 2645 1089 2696 et

75 2724 225 2783 damnatus
241 2732 296 2783 est.
336 2723 393 2798 At,
410 2725 434 2781 si
449 2724 638 2802 proponitur,
661 2740 712 2782 our
726 2722 836 2782 factum
852 2723 903 2781 sit:
921 2729 969 2780 aut
985 2719 1144 2781 lalsambi'

74 2824 192 2867 causam
208 2815 255 2867 aut
268 2806 363 2867 levem
374 2816 422 2867 aut
439 2809 566 2885 ignotam
580 2823 633 2866 reo
649 2807 736 2866 dicet.
771 2805 898 2866 Possunt
910 2812 1005 2865 autem
1021 2822 1090 2863 esse

72 2891 191 2969 ,aliquae
207 2892 321 2951 interim
342 2893 476 2969 ignotae,
493 2890 539 2949 An
554 2890 693 2951 heredem
706 2888 860 2965 habuerit,
885 2907 921 2949 an
937 2896 1090 2949 accusatu·

74 2993 124 3033 rus
140 2974 228 3034 luerit
243 2992 324 3050 eum,
342 2994 358 3035 a
375 2992 431 3054 quo
444 2973 548 3034 dicitur
566 2970 704 3034 occisus?
726 2975 758 3034 Si
772 2973 829 3034 alia
844 2973 1020 3048 defecerint,
1032 2988 1091 3032 uon

73 3059 175 3136 utique
199 3058 373 3136 spectandas
399 3077 467 3118 esse
495 3075 612 3125 oausam
640 3076 703 3118 nam
727 3075 813 3137 quem
838 3073 932 3137 posse
952 3056 1089 3135 reperiri,

74 3143 123 3220 qui
140 3159 198 3201 non
218 3151 340 3218 metuat,
360 3142 470 3219 oderit,
493 3138 616 3222 speret?
639 3142 779 3220 plurimos
798 3141 987 3201 tamenhaec
1009 3139 1091 3201 salva

74 3227 241 3286 innocentia
260 3226 369 3286 lacere.
408 3225 511 3306 Neque
534 3225 605 3285 illud
629 3234 674 3285 est
691 3219 895 3302 omittendum,
914 3242 973 3284 non
990 3229 1142 3285 omnesttt'

74 3327 181 3370 causas
198 3311 227 3370 in
241 3310 371 3370 omnibus
387 3313 521 3389 personis
536 3309 647 3371 valere.
682 3309 753 3369 Nam
769 3317 799 3368 ut
818 3308 906 3368 alicui
923 3309 960 3367 sit
976 3304 1090 3367 iurandi

74 3412 164 3454 eausa
191 3403 363 3472 paupertas,
390 3411 447 3454 non
469 3396 524 3454 erit
547 3393 622 3454 idem
647 3394 676 3452 in
698 3390 787 3452 Curio
810 3391 1005 3469 Fabricioque
1028 3406 1088 3448 mo·

73 3487 210 3538 mentam.
818 3494 821 3499 ·

134 3583 161 3620 u.
172 3582 196 3618 r.
210 3579 321 3628 ovrnrru.
334 3565 366 3625 u.
918 3559 944 3617 ‘h
