2408 3854
152 194 194 285 54γ
465 205 826 266 u.uarr.ourruu1n1arr1

152 360 321 440 Quanquam
336 361 411 420 enirn
425 361 587 421 rectissime
605 361 738 423 traditum
753 369 815 437 est,
833 360 1071 440 perspicuitatem
1086 376 1156 440 prc-

150 447 237 524 priis‚
262 454 392 505 ornatum
406 444 551 504 translatis
572 444 671 506 verbis
691 447 783 522 magis
804 463 909 523 egere:
938 445 1062 504 sciamus
1085 444 1156 506 nihil

109 544 141 597 16
151 540 282 591 ornatum
299 546 383 605 esse,
400 528 477 607 quod
492 529 530 587 sit
544 529 741 609 improprium.
770 529 830 590 Sed
846 529 1001 590 cumidem
1017 528 1156 607 frequen·

149 615 258 676 tissime
274 613 358 692 plura
378 612 557 690 significent,
577 613 655 692 qnod
671 612 842 691 uovovuptoe
856 622 994 675 vocatur:
1018 613 1075 673 iam
1090 622 1157 673 sunt

149 698 213 758 aliis
230 697 286 759 alia
298 697 482 773 honestiora,
499 695 683 772 sublimiora,
699 696 847 775 nitidiora,
865 697 1051 773 iucundiora,
1067 713 1156 758 vcca-

149 783 233 843 liora.
267 779 340 842 Nam
354 790 385 840 ut
401 780 533 857 syllabae
551 799 568 840 e
587 781 691 841 litteris
708 781 810 841 melius
828 781 997 849 sonantibus
1013 781 1157 843 clariores

150 875 229 926 sunt:
246 866 285 925 ita
301 864 392 926 verbe
408 883 425 926 e
441 863 562 941 syllabis
577 866 669 943 magis
689 865 818 943 vocalia,
842 876 886 944 et,
906 883 962 946 quo
980 866 1047 945 plus
1064 866 1156 946 quod·

149 967 207 1030 que
222 949 339 1029 spiritus
354 948 461 1025 babet,
481 949 577 1009 auditu
593 949 753 1029 pulchrius.
776 949 832 1027 Et,
849 951 928 1031 quod
942 951 1013 1010 lacit
1027 948 1156 1025 syllaba·

147 1053 227 1110 rum,
246 1034 321 1095 idem
335 1033 491 1094 verborum
501 1049 624 1114 ,quoque
639 1035 714 1094 inter
729 1052 763 1094 se
777 1035 944 1113 copulatio,
967 1043 998 1095 ut
1013 1032 1091 1094 aliud
1106 1033 1156 1096 alii

107 1123 138 1182 17
148 1120 273 1179 iunctum
301 1117 405 1179 melius
430 1126 525 1178 sonet.
567 1117 708 1179 Diversus
730 1127 824 1179 tamen
846 1138 925 1179 usus.
972 1117 1045 1178 llam
1065 1116 1155 1179 rebus

148 1203 295 1264 atrocibus
317 1202 407 1264 verba
429 1204 515 1263 etiam
535 1203 601 1280 ipso
619 1203 716 1264 auditu
735 1220 842 1282 aspera
856 1203 948 1281 magis
968 1202 1154 1263 convenient.

148 1287 178 1347 ln
195 1287 491 1367 universumquidem
506 1288 613 1365 optima
628 1285 800 1366 simplicium
817 1288 990 1363 creduntur,
1013 1303 1089 1367 quae
1106 1294 1156 1346 aut

147 1372 271 1432 maxime
292 1370 456 1432 exclamant
476 1380 523 1430 aut
545 1387 619 1434 sono
641 1380 708 1432 sunt
724 1372 937 1433 iucundissima.
979 1369 1017 1431 llt
1031 1370 1156 1431 honesta

149 1455 264 1534 quidem
280 1455 411 1533 turpibus
426 1455 542 1534 potiora
557 1473 674 1535 semper
688 1472 743 1516 nec
756 1455 881 1516 sordidis
896 1472 1020 1535 unquam
1040 1455 1070 1515 in
1085 1471 1155 1516 ora·

106 1549 140 1604 18
149 1541 227 1602 tione
253 1538 364 1601 erudita
390 1538 484 1600 locus.
526 1536 612 1599 Clara
633 1539 683 1600 illa
712 1549 798 1620 atque
823 1540 955 1601 sublimia
981 1537 1156 1618 plerumque

148 1627 287 1685 materiae
309 1624 395 1686 modo
419 1623 612 1685 discernenda
633 1633 708 1685 sunt.
755 1623 840 1698 Quod
864 1624 932 1685 alibi
958 1623 1155 1701 magnificum,

148 1707 284 1771 tumidum
297 1708 375 1769 alibi.
407 1707 446 1769 Et
461 1726 536 1788 quae
553 1709 669 1771 humilia
685 1709 763 1769 circa
774 1727 822 1770 res
838 1726 973 1787 magnas,
990 1717 1058 1786 apta
1075 1708 1156 1768 circa

147 1794 275 1853 minores
286 1793 429 1854 videntur.
469 1791 508 1853 Ut
523 1802 618 1854 autem
634 1796 663 1854 in
675 1794 806 1854 oratione
819 1792 906 1855 nitida
918 1791 1046 1853 notabile
1064 1790 1155 1853 humi·

148 1877 203 1937 lius
221 1877 341 1938 verbum
356 1887 385 1938 et
399 1877 480 1938 velut
494 1876 624 1939 macula:
646 1880 684 1939 ita
700 1895 717 1938 a
732 1894 866 1939 sermone
882 1879 960 1938 tenui
973 1875 1155 1961 sublimeni·

148 1961 294 2040 tidnmque
320 1961 467 2024 discordat
487 1961 576 2043 litque
599 1971 780 2042 corruptum,
806 1963 872 2042 quia
893 1963 922 2022 in
942 1961 1030 2041 plano
1052 1968 1154 2021 tumet.

8 2076 11 2081 -
106 2046 140 2102 19
150 2044 298 2119 Quaedam
312 2064 371 2107 non
386 2057 442 2107 tarn
457 2046 570 2107 ratione
586 2065 670 2126 quam
685 2065 772 2108 sensu
788 2047 963 2108 iudicantur:
980 2053 1010 2104 ut
1028 2044 1110 2122 illud,

356 2165 398 2178 —-
414 2128 514 2192 Caeco
528 2132 694 2210 iccpebuat
707 2133 838 2211 foedera
851 2149 960 2210 porca,

148 2214 220 2273 lecit
236 2213 357 2291 elegans
373 2213 451 2274 butio
467 2214 605 2290 nominis,
622 2214 700 2292 quod
716 2215 859 2275 siluisset
873 2234 986 2295 porco,
1004 2213 1063 2274 vile
1080 2222 1155 2274 eret.

148 2295 180 2358 ln
197 2296 366 2375 quibusdam
380 2297 453 2359 ratio
469 2296 621 2358 manifesta
636 2307 690 2358 est.
733 2298 873 2374 Risimus,
895 2308 925 2359 et
941 2299 1044 2359 merito
1060 2315 1156 2377 nuper

148 2389 281 2460 poetam,
300 2383 348 2459 qui
364 2380 476 2441 dixerat

7 2524 9 2529 .
295 2464 491 2527 Proetectom
504 2466 536 2526 ic
551 2467 629 2527 cisto
644 2485 746 2529 morea
760 2486 865 2530 rosere
881 2464 1011 2530 Concidit.

104 2548 186 2615 bodl
200 2548 325 2626 Vergilii
343 2544 476 2610 miramur
490 2548 572 2625 illud,

426 2665 469 2680 -
485 2631 588 2713 Saepe
606 2635 736 2712 enipeus
755 2655 831 2697 mco

145 2717 219 2779 Nam
236 2717 385 2797 epitheton
399 2719 529 2797 ecipuua
543 2726 655 2797 aptum,
674 2720 822 2798 proprium
839 2718 953 2796 effecit,
969 2737 1006 2778 ne
1018 2719 1086 2797 plus
1103 2736 1155 2780 ex·

146 2809 349 2882 peroremus,
367 2809 397 2861 et
409 2818 493 2863 casus
505 2801 660 2879 singularis
671 2805 763 2881 magis
778 2803 891 2879 decuit,
906 2811 935 2863 et
947 2802 1078 2864 clausula
1089 2804 1155 2883 ipsa

146 2887 230 2947 unius
247 2885 378 2963 syllabae
393 2902 450 2946 non
466 2887 569 2947 usitata
587 2885 695 2946 addidit
708 2888 841 2965 gratiam.
885 2886 1013 2947 imitatus
1034 2896 1081 2948 est
1100 2886 1155 2948 ita·

147 2987 204 3049 que
222 2978 374 3049 utrumque
389 2968 535 3046 Horatius,

397 3088 438 3104 -·
454 3053 609 3117 Nascetur
629 3055 782 3117 ridiculus
802 3074 879 3117 mua.

104 3138 137 3195 21
146 3137 210 3200 Nec
236 3139 367 3217 augenda
389 3157 506 3219 semper
528 3141 620 3199 oratio
647 3139 699 3199 sed
725 3138 924 3200 summittenda
949 3156 1155 3218 nonnunquam

148 3234 203 3285 est.
241 3224 305 3283 Vim
332 3223 420 3285 rebus
449 3224 602 3303 aliquando
628 3223 784 3283 verborum
805 3224 868 3302 ipsa
891 3221 1035 3284 humilitas
1057 3222 1153 3284 affert.

145 3307 208 3384 An,
230 3327 294 3369 curn
317 3308 386 3369 dicit
407 3310 435 3368 in
450 3307 584 3369 Pisonem
601 3306 722 3383 cicero,
757 3304 832 3368 Cum
853 3307 908 3369 tibi
927 3315 991 3369 toto
1014 3307 1157 3387 copnotio

144 3411 275 3455 serrcco
295 3394 483 3469 odoebctur,
507 3391 659 3452 incidissse
682 3391 796 3451 ridetur
814 3392 843 3451 in
863 3391 1011 3452 sordidum
1031 3408 1155 3452 nomen.

145 3492 203 3536 non
223 3495 259 3536 eo
277 3486 470 3556 contemptum
493 3476 629 3552 hominis,
652 3493 738 3554 quem
755 3475 933 3536 destructum
946 3474 1082 3554 volebat,
1104 3490 1152 3537 au·
