<?xml version="1.0" encoding="UTF-8"?>
<!DOCTYPE html PUBLIC "-//W3C//DTD XHTML 1.0 Transitional//EN"
    "http://www.w3.org/TR/xhtml1/DTD/xhtml1-transitional.dtd">
<html xmlns="http://www.w3.org/1999/xhtml" xml:lang="en" lang="en">
 <head>
  <title>
</title>
<meta http-equiv="Content-Type" content="text/html;charset=utf-8" />
  <meta name='ocr-system' content='tesseract 3.04.00' />
  <meta name='ocr-capabilities' content='ocr_page ocr_carea ocr_par ocr_line ocrx_word'/>
</head>
<body>
  <div class='ocr_page' id='page_1' title='image "./mfabiiquintilia08quingoog_0229.png"; bbox 0 0 2408 3854; ppageno 0'>
   <div class='ocr_carea' id='block_1_1' title="bbox 147 188 834 262">
    <p class='ocr_par' dir='ltr' id='par_1_1' title="bbox 147 188 834 262">
     <span class='ocr_line' id='line_1_1' title="bbox 147 188 834 262; baseline -0.006 -7"><span class='ocrx_word' id='word_1_1' title='bbox 147 191 208 255; x_wconf 81' lang='lat'><strong>204</strong></span> <span class='ocrx_word' id='word_1_2' title='bbox 465 204 502 250; x_wconf 88' lang='grc' dir='ltr'><strong>ιι.</strong></span> <span class='ocrx_word' id='word_1_3' title='bbox 517 203 595 251; x_wconf 79' lang='lat' dir='ltr'><strong>usn.</strong></span> <span class='ocrx_word' id='word_1_4' title='bbox 613 188 834 262; x_wconf 71' lang='lat' dir='ltr'><strong>anonumum</strong></span> 
     </span>
    </p>
   </div>
   <div class='ocr_carea' id='block_1_2' title="bbox 101 355 1197 3363">
    <p class='ocr_par' dir='ltr' id='par_1_2' title="bbox 142 355 1156 687">
     <span class='ocr_line' id='line_1_2' title="bbox 144 355 1156 436; baseline -0.001 -17"><span class='ocrx_word' id='word_1_5' title='bbox 144 359 264 420; x_wconf 88' lang='lat' dir='ltr'><strong>tharcho</strong></span> <span class='ocrx_word' id='word_1_6' title='bbox 280 377 316 418; x_wconf 89' lang='lat' dir='ltr'><strong>an</strong></span> <span class='ocrx_word' id='word_1_7' title='bbox 332 359 449 436; x_wconf 78' lang='lat' dir='ltr'><strong>Scopae</strong></span> <span class='ocrx_word' id='word_1_8' title='bbox 466 358 603 435; x_wconf 90' lang='lat' dir='ltr'><strong>scriptum</strong></span> <span class='ocrx_word' id='word_1_9' title='bbox 618 358 654 415; x_wconf 90' lang='lat' dir='ltr'><strong>sit</strong></span> <span class='ocrx_word' id='word_1_10' title='bbox 674 357 701 417; x_wconf 94' lang='lat' dir='ltr'><strong>id</strong></span> <span class='ocrx_word' id='word_1_11' title='bbox 723 374 851 424; x_wconf 75' lang='lat' dir='ltr'><strong>carmem</strong></span> <span class='ocrx_word' id='word_1_12' title='bbox 875 365 905 416; x_wconf 88' lang='lat' dir='ltr'><strong>et</strong></span> <span class='ocrx_word' id='word_1_13' title='bbox 922 355 1052 418; x_wconf 78' lang='lat' dir='ltr'><strong>Pharsali</strong></span> <span class='ocrx_word' id='word_1_14' title='bbox 1067 357 1156 418; x_wconf 91' lang='lat' dir='ltr'><strong>luerit</strong></span> 
     </span>
     <span class='ocr_line' id='line_1_3' title="bbox 142 439 1154 519; baseline -0.001 -17"><span class='ocrx_word' id='word_1_15' title='bbox 142 442 217 502; x_wconf 87' lang='lat' dir='ltr'><strong>haec</strong></span> <span class='ocrx_word' id='word_1_16' title='bbox 234 443 347 516; x_wconf 85' lang='lat' dir='ltr'><strong>domus,</strong></span> <span class='ocrx_word' id='word_1_17' title='bbox 363 450 393 500; x_wconf 93' lang='lat' dir='ltr'><strong>ut</strong></span> <span class='ocrx_word' id='word_1_18' title='bbox 409 442 472 519; x_wconf 86' lang='lat' dir='ltr'><strong>ipse</strong></span> <span class='ocrx_word' id='word_1_19' title='bbox 490 440 612 518; x_wconf 88' lang='lat' dir='ltr'><strong>quodam</strong></span> <span class='ocrx_word' id='word_1_20' title='bbox 629 439 696 500; x_wconf 91' lang='lat' dir='ltr'><strong>loco</strong></span> <span class='ocrx_word' id='word_1_21' title='bbox 713 440 876 517; x_wconf 83' lang='lat' dir='ltr'><strong>significare</strong></span> <span class='ocrx_word' id='word_1_22' title='bbox 893 440 1058 501; x_wconf 80' lang='lat' dir='ltr'>Simonides</span> <span class='ocrx_word' id='word_1_23' title='bbox 1072 442 1154 502; x_wconf 83' lang='lat' dir='ltr'><strong>vide·</strong></span> 
     </span>
     <span class='ocr_line' id='line_1_4' title="bbox 143 521 1155 605; baseline -0.002 -19"><span class='ocrx_word' id='word_1_24' title='bbox 143 537 189 586; x_wconf 91' lang='lat' dir='ltr'><strong>tur</strong></span> <span class='ocrx_word' id='word_1_25' title='bbox 203 534 291 605; x_wconf 88' lang='lat' dir='ltr'><strong>atque</strong></span> <span class='ocrx_word' id='word_1_26' title='bbox 306 523 507 602; x_wconf 76' lang='lat' dir='ltr'><strong>Apollodorus</strong></span> <span class='ocrx_word' id='word_1_27' title='bbox 523 532 552 583; x_wconf 90' lang='lat' dir='ltr'><strong>et</strong></span> <span class='ocrx_word' id='word_1_28' title='bbox 566 523 777 585; x_wconf 71' lang='lat' dir='ltr'><strong>Eratosthenes</strong></span> <span class='ocrx_word' id='word_1_29' title='bbox 793 531 822 583; x_wconf 88' lang='lat' dir='ltr'><strong>et</strong></span> <span class='ocrx_word' id='word_1_30' title='bbox 832 521 1002 602; x_wconf 77' lang='lat' dir='ltr'><strong>Euphorion</strong></span> <span class='ocrx_word' id='word_1_31' title='bbox 1020 533 1050 584; x_wconf 90' lang='lat' dir='ltr'><strong>et</strong></span> <span class='ocrx_word' id='word_1_32' title='bbox 1060 523 1155 584; x_wconf 87' lang='lat' dir='ltr'><strong>Laris·</strong></span> 
     </span>
     <span class='ocr_line' id='line_1_5' title="bbox 144 605 1155 687; baseline 0 -19"><span class='ocrx_word' id='word_1_33' title='bbox 144 627 230 669; x_wconf 90' lang='lat' dir='ltr'><strong>saeus</strong></span> <span class='ocrx_word' id='word_1_34' title='bbox 241 608 407 687; x_wconf 73' lang='lat' dir='ltr'><strong>Eurypylus</strong></span> <span class='ocrx_word' id='word_1_35' title='bbox 419 606 606 682; x_wconf 86' lang='lat' dir='ltr'><strong>tradiderunt,</strong></span> <span class='ocrx_word' id='word_1_36' title='bbox 623 625 659 667; x_wconf 89' lang='lat' dir='ltr'><strong>an</strong></span> <span class='ocrx_word' id='word_1_37' title='bbox 677 605 822 681; x_wconf 76' lang='lat' dir='ltr'><strong>cranone,</strong></span> <span class='ocrx_word' id='word_1_38' title='bbox 838 615 868 666; x_wconf 94' lang='lat' dir='ltr'><strong>ut</strong></span> <span class='ocrx_word' id='word_1_39' title='bbox 881 605 1007 685; x_wconf 78' lang='lat' dir='ltr'><strong>Apollas</strong></span> <span class='ocrx_word' id='word_1_40' title='bbox 1020 605 1155 670; x_wconf 79' lang='lat' dir='ltr'><strong>Callima·</strong></span> 
     </span>
    </p>

    <p class='ocr_par' dir='ltr' id='par_1_3' title="bbox 105 687 1157 938">
     <span class='ocr_line' id='line_1_6' title="bbox 105 687 1156 771; baseline -0.002 -17"><span class='ocrx_word' id='word_1_41' title='bbox 105 703 135 754; x_wconf 79' lang='lat'><strong>15</strong></span> <span class='ocrx_word' id='word_1_42' title='bbox 146 693 228 768; x_wconf 86' lang='lat' dir='ltr'><strong>chus,</strong></span> <span class='ocrx_word' id='word_1_43' title='bbox 247 710 332 770; x_wconf 88' lang='lat' dir='ltr'><strong>quem</strong></span> <span class='ocrx_word' id='word_1_44' title='bbox 345 700 466 750; x_wconf 87' lang='lat' dir='ltr'><strong>secutus</strong></span> <span class='ocrx_word' id='word_1_45' title='bbox 483 687 589 750; x_wconf 83' lang='lat' dir='ltr'><strong>Cicero</strong></span> <span class='ocrx_word' id='word_1_46' title='bbox 604 690 680 752; x_wconf 88' lang='lat' dir='ltr'><strong>hanc</strong></span> <span class='ocrx_word' id='word_1_47' title='bbox 694 691 797 752; x_wconf 88' lang='lat' dir='ltr'><strong>lamam</strong></span> <span class='ocrx_word' id='word_1_48' title='bbox 813 690 897 751; x_wconf 87' lang='lat' dir='ltr'><strong>latins</strong></span> <span class='ocrx_word' id='word_1_49' title='bbox 912 691 993 752; x_wconf 79' lang='lat' dir='ltr'><strong>tado.</strong></span> <span class='ocrx_word' id='word_1_50' title='bbox 1027 693 1156 771; x_wconf 89' lang='lat' dir='ltr'><strong>Scopam</strong></span> 
     </span>
     <span class='ocr_line' id='line_1_7' title="bbox 145 774 1157 854; baseline 0 -19"><span class='ocrx_word' id='word_1_51' title='bbox 145 775 272 837; x_wconf 87' lang='lat' dir='ltr'><strong>nobilem</strong></span> <span class='ocrx_word' id='word_1_52' title='bbox 288 774 460 836; x_wconf 80' lang='lat' dir='ltr'><strong>Thessalum</strong></span> <span class='ocrx_word' id='word_1_53' title='bbox 477 775 601 854; x_wconf 86' lang='lat' dir='ltr'><strong>periisse</strong></span> <span class='ocrx_word' id='word_1_54' title='bbox 616 777 645 835; x_wconf 95' lang='lat' dir='ltr'><strong>in</strong></span> <span class='ocrx_word' id='word_1_55' title='bbox 663 792 700 836; x_wconf 92' lang='lat' dir='ltr'><strong>eo</strong></span> <span class='ocrx_word' id='word_1_56' title='bbox 716 776 850 835; x_wconf 83' lang='lat' dir='ltr'><strong>convivio</strong></span> <span class='ocrx_word' id='word_1_57' title='bbox 869 784 996 844; x_wconf 62' lang='lat' dir='ltr'><strong>constan</strong></span> <span class='ocrx_word' id='word_1_58' title='bbox 1020 777 1157 836; x_wconf 88' lang='lat' dir='ltr'><strong>adiicitur</strong></span> 
     </span>
     <span class='ocr_line' id='line_1_8' title="bbox 144 858 1154 938; baseline 0.001 -20"><span class='ocrx_word' id='word_1_59' title='bbox 144 861 254 919; x_wconf 89' lang='lat' dir='ltr'><strong>sororis</strong></span> <span class='ocrx_word' id='word_1_60' title='bbox 272 860 335 919; x_wconf 87' lang='lat' dir='ltr'><strong>cius</strong></span> <span class='ocrx_word' id='word_1_61' title='bbox 352 859 444 927; x_wconf 65' lang='lat' dir='ltr'><strong>lilium</strong></span> <span class='ocrx_word' id='word_1_62' title='bbox 468 867 567 937; x_wconf 89' lang='lat' dir='ltr'><strong>putant</strong></span> <span class='ocrx_word' id='word_1_63' title='bbox 589 869 620 919; x_wconf 88' lang='lat' dir='ltr'><strong>et</strong></span> <span class='ocrx_word' id='word_1_64' title='bbox 640 868 720 918; x_wconf 86' lang='lat' dir='ltr'><strong>ortos</strong></span> <span class='ocrx_word' id='word_1_65' title='bbox 736 858 896 937; x_wconf 87' lang='lat' dir='ltr'><strong>plerosque</strong></span> <span class='ocrx_word' id='word_1_66' title='bbox 912 859 951 919; x_wconf 87' lang='lat' dir='ltr'><strong>ah</strong></span> <span class='ocrx_word' id='word_1_67' title='bbox 969 859 1027 920; x_wconf 89' lang='lat' dir='ltr'><strong>alio</strong></span> <span class='ocrx_word' id='word_1_68' title='bbox 1043 860 1154 938; x_wconf 85' lang='lat' dir='ltr'><strong>Scopa,</strong></span> 
     </span>
    </p>

    <p class='ocr_par' dir='ltr' id='par_1_4' title="bbox 103 942 1156 1189">
     <span class='ocr_line' id='line_1_9' title="bbox 103 942 1156 1021; baseline -0.004 -16"><span class='ocrx_word' id='word_1_69' title='bbox 103 952 135 1007; x_wconf 84' lang='lat'><strong>16</strong></span> <span class='ocrx_word' id='word_1_70' title='bbox 143 945 191 1019; x_wconf 85' lang='lat' dir='ltr'><strong>qui</strong></span> <span class='ocrx_word' id='word_1_71' title='bbox 207 944 299 1003; x_wconf 89' lang='lat' dir='ltr'><strong>maior</strong></span> <span class='ocrx_word' id='word_1_72' title='bbox 316 951 411 1003; x_wconf 85' lang='lat' dir='ltr'><strong>aetate</strong></span> <span class='ocrx_word' id='word_1_73' title='bbox 427 942 524 1003; x_wconf 89' lang='lat' dir='ltr'><strong>luerit.</strong></span> <span class='ocrx_word' id='word_1_74' title='bbox 556 942 725 1021; x_wconf 75' lang='lat' dir='ltr'><strong>Quanquam</strong></span> <span class='ocrx_word' id='word_1_75' title='bbox 741 942 809 1001; x_wconf 90' lang='lat' dir='ltr'><strong>mihi</strong></span> <span class='ocrx_word' id='word_1_76' title='bbox 824 951 914 1002; x_wconf 92' lang='lat' dir='ltr'><strong>totum</strong></span> <span class='ocrx_word' id='word_1_77' title='bbox 929 943 967 1003; x_wconf 87' lang='lat' dir='ltr'><strong>de</strong></span> <span class='ocrx_word' id='word_1_78' title='bbox 984 943 1156 1018; x_wconf 68' lang='lat' dir='ltr'><strong>Tyndaridis</strong></span> 
     </span>
     <span class='ocr_line' id='line_1_10' title="bbox 142 1025 1156 1106; baseline 0 -21"><span class='ocrx_word' id='word_1_79' title='bbox 142 1025 305 1087; x_wconf 86' lang='lat' dir='ltr'><strong>lahulosum</strong></span> <span class='ocrx_word' id='word_1_80' title='bbox 322 1026 451 1103; x_wconf 85' lang='lat' dir='ltr'><strong>videtur,</strong></span> <span class='ocrx_word' id='word_1_81' title='bbox 471 1044 570 1104; x_wconf 76' lang='lat' dir='ltr'><strong>neque</strong></span> <span class='ocrx_word' id='word_1_82' title='bbox 594 1028 709 1088; x_wconf 83' lang='lat' dir='ltr'><strong>omnino</strong></span> <span class='ocrx_word' id='word_1_83' title='bbox 727 1026 811 1087; x_wconf 88' lang='lat' dir='ltr'><strong>huius</strong></span> <span class='ocrx_word' id='word_1_84' title='bbox 830 1027 874 1085; x_wconf 88' lang='lat' dir='ltr'><strong>rei</strong></span> <span class='ocrx_word' id='word_1_85' title='bbox 889 1027 1015 1086; x_wconf 81' lang='lat' dir='ltr'><strong>meminit</strong></span> <span class='ocrx_word' id='word_1_86' title='bbox 1035 1044 1156 1106; x_wconf 81' lang='lat' dir='ltr'><strong>nsquam</strong></span> 
     </span>
     <span class='ocr_line' id='line_1_11' title="bbox 144 1109 1026 1189; baseline -0.002 -19"><span class='ocrx_word' id='word_1_87' title='bbox 144 1119 232 1189; x_wconf 86' lang='lat' dir='ltr'><strong>poeta</strong></span> <span class='ocrx_word' id='word_1_88' title='bbox 250 1111 314 1188; x_wconf 91' lang='lat' dir='ltr'><strong>ipse</strong></span> <span class='ocrx_word' id='word_1_89' title='bbox 328 1109 466 1188; x_wconf 85' lang='lat' dir='ltr'><strong>prolecto</strong></span> <span class='ocrx_word' id='word_1_90' title='bbox 482 1127 540 1173; x_wconf 84' lang='lat' dir='ltr'><strong>non</strong></span> <span class='ocrx_word' id='word_1_91' title='bbox 556 1112 694 1172; x_wconf 83' lang='lat' dir='ltr'><strong>taciturus</strong></span> <span class='ocrx_word' id='word_1_92' title='bbox 710 1110 747 1169; x_wconf 91' lang='lat' dir='ltr'><strong>de</strong></span> <span class='ocrx_word' id='word_1_93' title='bbox 761 1118 840 1170; x_wconf 85' lang='lat' dir='ltr'><strong>tanta</strong></span> <span class='ocrx_word' id='word_1_94' title='bbox 855 1127 907 1169; x_wconf 85' lang='lat' dir='ltr'><strong>sua</strong></span> <span class='ocrx_word' id='word_1_95' title='bbox 922 1110 1026 1187; x_wconf 84' lang='lat' dir='ltr'><strong>gloria.</strong></span> 
     </span>
    </p>

    <p class='ocr_par' dir='ltr' id='par_1_5' title="bbox 103 1191 1158 1690">
     <span class='ocr_line' id='line_1_12' title="bbox 103 1191 1156 1269; baseline -0.003 -14"><span class='ocrx_word' id='word_1_96' title='bbox 103 1199 135 1255; x_wconf 83' lang='lat'><strong>17</strong></span> <span class='ocrx_word' id='word_1_97' title='bbox 226 1191 273 1255; x_wconf 81' lang='lat' dir='ltr'><strong>Ex</strong></span> <span class='ocrx_word' id='word_1_98' title='bbox 294 1192 352 1253; x_wconf 91' lang='lat' dir='ltr'><strong>hoo</strong></span> <span class='ocrx_word' id='word_1_99' title='bbox 368 1195 524 1255; x_wconf 78' lang='lat' dir='ltr'><strong>Simonidis</strong></span> <span class='ocrx_word' id='word_1_100' title='bbox 547 1194 627 1257; x_wconf 89' lang='lat' dir='ltr'><strong>lacto</strong></span> <span class='ocrx_word' id='word_1_101' title='bbox 646 1203 775 1254; x_wconf 84' lang='lat' dir='ltr'><strong>notatum</strong></span> <span class='ocrx_word' id='word_1_102' title='bbox 788 1192 917 1269; x_wconf 87' lang='lat' dir='ltr'><strong>videtur,</strong></span> <span class='ocrx_word' id='word_1_103' title='bbox 939 1194 1031 1254; x_wconf 86' lang='lat' dir='ltr'><strong>iurari</strong></span> <span class='ocrx_word' id='word_1_104' title='bbox 1047 1211 1156 1253; x_wconf 88' lang='lat' dir='ltr'><strong>memo·</strong></span> 
     </span>
     <span class='ocr_line' id='line_1_13' title="bbox 142 1276 1157 1356; baseline 0 -20"><span class='ocrx_word' id='word_1_105' title='bbox 142 1278 214 1337; x_wconf 91' lang='lat' dir='ltr'><strong>riam</strong></span> <span class='ocrx_word' id='word_1_106' title='bbox 243 1279 364 1355; x_wconf 85' lang='lat' dir='ltr'><strong>signatis</strong></span> <span class='ocrx_word' id='word_1_107' title='bbox 390 1279 484 1339; x_wconf 89' lang='lat' dir='ltr'><strong>animo</strong></span> <span class='ocrx_word' id='word_1_108' title='bbox 511 1277 649 1353; x_wconf 82' lang='lat' dir='ltr'><strong>sedibus,</strong></span> <span class='ocrx_word' id='word_1_109' title='bbox 679 1278 767 1356; x_wconf 87' lang='lat' dir='ltr'><strong>idque</strong></span> <span class='ocrx_word' id='word_1_110' title='bbox 792 1276 919 1338; x_wconf 83' lang='lat' dir='ltr'><strong>credere</strong></span> <span class='ocrx_word' id='word_1_111' title='bbox 949 1295 1002 1337; x_wconf 92' lang='lat' dir='ltr'><strong>suo</strong></span> <span class='ocrx_word' id='word_1_112' title='bbox 1031 1277 1157 1356; x_wconf 85' lang='lat' dir='ltr'><strong>quisque</strong></span> 
     </span>
     <span class='ocr_line' id='line_1_14' title="bbox 144 1359 1157 1440; baseline 0 -19"><span class='ocrx_word' id='word_1_113' title='bbox 144 1363 356 1440; x_wconf 76' lang='lat' dir='ltr'><strong>experimento.</strong></span> <span class='ocrx_word' id='word_1_114' title='bbox 392 1359 466 1420; x_wconf 80' lang='lat' dir='ltr'><strong>Nam</strong></span> <span class='ocrx_word' id='word_1_115' title='bbox 486 1379 550 1421; x_wconf 89' lang='lat' dir='ltr'><strong>cum</strong></span> <span class='ocrx_word' id='word_1_116' title='bbox 572 1363 601 1420; x_wconf 91' lang='lat' dir='ltr'><strong>in</strong></span> <span class='ocrx_word' id='word_1_117' title='bbox 621 1361 688 1423; x_wconf 84' lang='lat' dir='ltr'><strong>loca</strong></span> <span class='ocrx_word' id='word_1_118' title='bbox 708 1361 805 1440; x_wconf 85' lang='lat' dir='ltr'><strong>aliqua</strong></span> <span class='ocrx_word' id='word_1_119' title='bbox 829 1369 896 1438; x_wconf 89' lang='lat' dir='ltr'><strong>post</strong></span> <span class='ocrx_word' id='word_1_120' title='bbox 911 1369 1026 1439; x_wconf 91' lang='lat' dir='ltr'><strong>tempus</strong></span> <span class='ocrx_word' id='word_1_121' title='bbox 1040 1364 1157 1421; x_wconf 82' lang='lat' dir='ltr'><strong>reversi</strong></span> 
     </span>
     <span class='ocr_line' id='line_1_15' title="bbox 143 1444 1156 1524; baseline 0.001 -21"><span class='ocrx_word' id='word_1_122' title='bbox 143 1463 254 1509; x_wconf 82' lang='lat' dir='ltr'><strong>sumus:</strong></span> <span class='ocrx_word' id='word_1_123' title='bbox 279 1461 338 1504; x_wconf 89' lang='lat' dir='ltr'><strong>non</strong></span> <span class='ocrx_word' id='word_1_124' title='bbox 361 1445 426 1523; x_wconf 91' lang='lat' dir='ltr'><strong>ipsa</strong></span> <span class='ocrx_word' id='word_1_125' title='bbox 445 1445 630 1521; x_wconf 72' lang='lat' dir='ltr'><strong>agnoscimus</strong></span> <span class='ocrx_word' id='word_1_126' title='bbox 651 1454 759 1505; x_wconf 77' lang='lat' dir='ltr'><strong>tantum</strong></span> <span class='ocrx_word' id='word_1_127' title='bbox 779 1445 949 1521; x_wconf 83' lang='lat' dir='ltr'><strong>sedetiam,</strong></span> <span class='ocrx_word' id='word_1_128' title='bbox 973 1446 1096 1524; x_wconf 82' lang='lat' dir='ltr'><strong>quaein</strong></span> <span class='ocrx_word' id='word_1_129' title='bbox 1111 1444 1156 1504; x_wconf 89' lang='lat' dir='ltr'><strong>his</strong></span> 
     </span>
     <span class='ocr_line' id='line_1_16' title="bbox 143 1527 1157 1608; baseline 0.001 -21"><span class='ocrx_word' id='word_1_130' title='bbox 143 1528 315 1603; x_wconf 82' lang='lat' dir='ltr'><strong>fecerimus,</strong></span> <span class='ocrx_word' id='word_1_131' title='bbox 336 1529 548 1589; x_wconf 76' lang='lat' dir='ltr'><strong>reminiscimur</strong></span> <span class='ocrx_word' id='word_1_132' title='bbox 563 1544 769 1608; x_wconf 85' lang='lat' dir='ltr'><strong>personaeque</strong></span> <span class='ocrx_word' id='word_1_133' title='bbox 794 1527 931 1603; x_wconf 84' lang='lat' dir='ltr'><strong>subeunt,</strong></span> <span class='ocrx_word' id='word_1_134' title='bbox 952 1545 1157 1608; x_wconf 86' lang='lat' dir='ltr'><strong>nonnunquam</strong></span> 
     </span>
     <span class='ocr_line' id='line_1_17' title="bbox 143 1610 1158 1690; baseline 0 -19"><span class='ocrx_word' id='word_1_135' title='bbox 143 1613 249 1671; x_wconf 81' lang='lat' dir='ltr'><strong>tacitae</strong></span> <span class='ocrx_word' id='word_1_136' title='bbox 266 1627 382 1690; x_wconf 88' lang='lat' dir='ltr'><strong>quoque</strong></span> <span class='ocrx_word' id='word_1_137' title='bbox 401 1613 595 1688; x_wconf 82' lang='lat' dir='ltr'><strong>cogitationes</strong></span> <span class='ocrx_word' id='word_1_138' title='bbox 611 1614 639 1672; x_wconf 93' lang='lat' dir='ltr'><strong>in</strong></span> <span class='ocrx_word' id='word_1_139' title='bbox 653 1621 779 1673; x_wconf 86' lang='lat' dir='ltr'><strong>mentem</strong></span> <span class='ocrx_word' id='word_1_140' title='bbox 795 1619 987 1672; x_wconf 80' lang='lat' dir='ltr'><strong>revertuntur.</strong></span> <span class='ocrx_word' id='word_1_141' title='bbox 1018 1610 1094 1672; x_wconf 82' lang='lat' dir='ltr'><strong>Nata</strong></span> <span class='ocrx_word' id='word_1_142' title='bbox 1112 1620 1158 1671; x_wconf 89' lang='lat' dir='ltr'><strong>est</strong></span> 
     </span>
    </p>

    <p class='ocr_par' dir='ltr' id='par_1_6' title="bbox 104 1694 1158 2276">
     <span class='ocr_line' id='line_1_18' title="bbox 104 1694 1158 1774; baseline 0 -20"><span class='ocrx_word' id='word_1_143' title='bbox 104 1701 136 1756; x_wconf 84' lang='lat'><strong>18</strong></span> <span class='ocrx_word' id='word_1_144' title='bbox 144 1695 245 1771; x_wconf 87' lang='lat' dir='ltr'><strong>igitar,</strong></span> <span class='ocrx_word' id='word_1_145' title='bbox 274 1704 304 1754; x_wconf 91' lang='lat' dir='ltr'><strong>ut</strong></span> <span class='ocrx_word' id='word_1_146' title='bbox 324 1696 352 1755; x_wconf 93' lang='lat' dir='ltr'><strong>in</strong></span> <span class='ocrx_word' id='word_1_147' title='bbox 372 1694 539 1774; x_wconf 85' lang='lat' dir='ltr'><strong>plerisque,</strong></span> <span class='ocrx_word' id='word_1_148' title='bbox 564 1714 611 1757; x_wconf 79' lang='lat' dir='ltr'><strong>aas</strong></span> <span class='ocrx_word' id='word_1_149' title='bbox 632 1696 669 1757; x_wconf 82' lang='lat' dir='ltr'><strong>ab</strong></span> <span class='ocrx_word' id='word_1_150' title='bbox 691 1697 902 1773; x_wconf 79' lang='lat' dir='ltr'><strong>experimento.</strong></span> <span class='ocrx_word' id='word_1_151' title='bbox 939 1694 1019 1756; x_wconf 86' lang='lat' dir='ltr'><strong>Loca</strong></span> <span class='ocrx_word' id='word_1_152' title='bbox 1042 1695 1158 1755; x_wconf 91' lang='lat' dir='ltr'><strong>discunt</strong></span> 
     </span>
     <span class='ocr_line' id='line_1_19' title="bbox 144 1778 1157 1857; baseline 0.002 -20"><span class='ocrx_word' id='word_1_153' title='bbox 144 1795 229 1856; x_wconf 86' lang='lat' dir='ltr'><strong>quam</strong></span> <span class='ocrx_word' id='word_1_154' title='bbox 243 1779 367 1839; x_wconf 81' lang='lat' dir='ltr'><strong>manime</strong></span> <span class='ocrx_word' id='word_1_155' title='bbox 383 1779 526 1857; x_wconf 83' lang='lat' dir='ltr'><strong>spatiosa,</strong></span> <span class='ocrx_word' id='word_1_156' title='bbox 547 1780 634 1842; x_wconf 88' lang='lat' dir='ltr'><strong>multa</strong></span> <span class='ocrx_word' id='word_1_157' title='bbox 648 1779 790 1840; x_wconf 86' lang='lat' dir='ltr'><strong>varietate</strong></span> <span class='ocrx_word' id='word_1_158' title='bbox 808 1780 932 1856; x_wconf 85' lang='lat' dir='ltr'><strong>signata,</strong></span> <span class='ocrx_word' id='word_1_159' title='bbox 948 1780 1065 1839; x_wconf 83' lang='lat' dir='ltr'><strong>doraum</strong></span> <span class='ocrx_word' id='word_1_160' title='bbox 1079 1778 1157 1853; x_wconf 87' lang='lat' dir='ltr'><strong>lorte</strong></span> 
     </span>
     <span class='ocr_line' id='line_1_20' title="bbox 142 1861 1156 1941; baseline 0.002 -21"><span class='ocrx_word' id='word_1_161' title='bbox 142 1879 274 1937; x_wconf 89' lang='lat' dir='ltr'><strong>magnam</strong></span> <span class='ocrx_word' id='word_1_162' title='bbox 289 1870 320 1922; x_wconf 91' lang='lat' dir='ltr'><strong>et</strong></span> <span class='ocrx_word' id='word_1_163' title='bbox 336 1864 365 1920; x_wconf 92' lang='lat' dir='ltr'><strong>in</strong></span> <span class='ocrx_word' id='word_1_164' title='bbox 381 1862 487 1923; x_wconf 91' lang='lat' dir='ltr'><strong>multos</strong></span> <span class='ocrx_word' id='word_1_165' title='bbox 508 1864 651 1926; x_wconf 85' lang='lat' dir='ltr'><strong>diductam</strong></span> <span class='ocrx_word' id='word_1_166' title='bbox 669 1864 816 1922; x_wconf 85' lang='lat' dir='ltr'><strong>recessus.</strong></span> <span class='ocrx_word' id='word_1_167' title='bbox 847 1862 881 1921; x_wconf 93' lang='lat' dir='ltr'><strong>In</strong></span> <span class='ocrx_word' id='word_1_168' title='bbox 898 1880 934 1922; x_wconf 89' lang='lat' dir='ltr'><strong>ea</strong></span> <span class='ocrx_word' id='word_1_169' title='bbox 949 1861 1090 1941; x_wconf 78' lang='lat' dir='ltr'><strong>quidquid</strong></span> <span class='ocrx_word' id='word_1_170' title='bbox 1104 1879 1156 1922; x_wconf 92' lang='lat' dir='ltr'><strong>no·</strong></span> 
     </span>
     <span class='ocr_line' id='line_1_21' title="bbox 143 1943 1157 2022; baseline 0.002 -18"><span class='ocrx_word' id='word_1_171' title='bbox 143 1943 233 2004; x_wconf 91' lang='lat' dir='ltr'><strong>tahile</strong></span> <span class='ocrx_word' id='word_1_172' title='bbox 250 1955 311 2021; x_wconf 81' lang='lat' dir='ltr'><strong>est,</strong></span> <span class='ocrx_word' id='word_1_173' title='bbox 335 1947 429 2006; x_wconf 89' lang='lat' dir='ltr'><strong>animo</strong></span> <span class='ocrx_word' id='word_1_174' title='bbox 451 1945 606 2022; x_wconf 85' lang='lat' dir='ltr'><strong>diligenter</strong></span> <span class='ocrx_word' id='word_1_175' title='bbox 629 1947 771 2022; x_wconf 83' lang='lat' dir='ltr'><strong>affigitur,</strong></span> <span class='ocrx_word' id='word_1_176' title='bbox 793 1954 825 2005; x_wconf 91' lang='lat' dir='ltr'><strong>ut</strong></span> <span class='ocrx_word' id='word_1_177' title='bbox 839 1947 904 2006; x_wconf 87' lang='lat' dir='ltr'><strong>sine</strong></span> <span class='ocrx_word' id='word_1_178' title='bbox 920 1947 1106 2006; x_wconf 78' lang='lat' dir='ltr'><strong>coarctatione</strong></span> <span class='ocrx_word' id='word_1_179' title='bbox 1121 1964 1157 2006; x_wconf 89' lang='lat' dir='ltr'><strong>ac</strong></span> 
     </span>
     <span class='ocr_line' id='line_1_22' title="bbox 143 2027 1157 2109; baseline 0.002 -23"><span class='ocrx_word' id='word_1_180' title='bbox 143 2044 223 2088; x_wconf 91' lang='lat' dir='ltr'><strong>mora</strong></span> <span class='ocrx_word' id='word_1_181' title='bbox 236 2038 339 2109; x_wconf 85' lang='lat' dir='ltr'><strong>partes</strong></span> <span class='ocrx_word' id='word_1_182' title='bbox 360 2031 424 2089; x_wconf 90' lang='lat' dir='ltr'><strong>eius</strong></span> <span class='ocrx_word' id='word_1_183' title='bbox 446 2046 547 2090; x_wconf 91' lang='lat' dir='ltr'><strong>omnes</strong></span> <span class='ocrx_word' id='word_1_184' title='bbox 563 2031 701 2107; x_wconf 77' lang='lat' dir='ltr'><strong>cogitatio</strong></span> <span class='ocrx_word' id='word_1_185' title='bbox 717 2031 811 2108; x_wconf 90' lang='lat' dir='ltr'><strong>possit</strong></span> <span class='ocrx_word' id='word_1_186' title='bbox 826 2047 1013 2109; x_wconf 88' lang='lat' dir='ltr'><strong>percurrere.</strong></span> <span class='ocrx_word' id='word_1_187' title='bbox 1044 2027 1083 2089; x_wconf 90' lang='lat' dir='ltr'><strong>Et</strong></span> <span class='ocrx_word' id='word_1_188' title='bbox 1098 2030 1157 2108; x_wconf 90' lang='lat' dir='ltr'><strong>pri·</strong></span> 
     </span>
     <span class='ocr_line' id='line_1_23' title="bbox 143 2111 1157 2192; baseline 0.003 -22"><span class='ocrx_word' id='word_1_189' title='bbox 143 2129 205 2171; x_wconf 87' lang='lat' dir='ltr'><strong>mus</strong></span> <span class='ocrx_word' id='word_1_190' title='bbox 220 2111 268 2172; x_wconf 88' lang='lat' dir='ltr'><strong>hic</strong></span> <span class='ocrx_word' id='word_1_191' title='bbox 286 2111 370 2172; x_wconf 89' lang='lat' dir='ltr'><strong>lahor</strong></span> <span class='ocrx_word' id='word_1_192' title='bbox 385 2122 445 2188; x_wconf 85' lang='lat' dir='ltr'><strong>est,</strong></span> <span class='ocrx_word' id='word_1_193' title='bbox 469 2130 526 2173; x_wconf 90' lang='lat' dir='ltr'><strong>non</strong></span> <span class='ocrx_word' id='word_1_194' title='bbox 543 2113 667 2174; x_wconf 82' lang='lat' dir='ltr'><strong>haerere</strong></span> <span class='ocrx_word' id='word_1_195' title='bbox 688 2114 717 2174; x_wconf 91' lang='lat' dir='ltr'><strong>io</strong></span> <span class='ocrx_word' id='word_1_196' title='bbox 732 2129 867 2172; x_wconf 87' lang='lat' dir='ltr'><strong>occursu.</strong></span> <span class='ocrx_word' id='word_1_197' title='bbox 897 2111 966 2173; x_wconf 90' lang='lat' dir='ltr'><strong>Plus</strong></span> <span class='ocrx_word' id='word_1_198' title='bbox 981 2114 1055 2172; x_wconf 74' lang='lat' dir='ltr'><strong>anion</strong></span> <span class='ocrx_word' id='word_1_199' title='bbox 1069 2131 1157 2192; x_wconf 83' lang='lat' dir='ltr'><strong>qnam</strong></span> 
     </span>
     <span class='ocr_line' id='line_1_24' title="bbox 143 2195 1155 2276; baseline 0 -22"><span class='ocrx_word' id='word_1_200' title='bbox 143 2195 223 2254; x_wconf 83' lang='lat' dir='ltr'><strong>firma</strong></span> <span class='ocrx_word' id='word_1_201' title='bbox 245 2195 334 2255; x_wconf 91' lang='lat' dir='ltr'><strong>dehet</strong></span> <span class='ocrx_word' id='word_1_202' title='bbox 356 2214 424 2255; x_wconf 89' lang='lat' dir='ltr'><strong>esse</strong></span> <span class='ocrx_word' id='word_1_203' title='bbox 444 2199 600 2272; x_wconf 85' lang='lat' dir='ltr'><strong>memoria,</strong></span> <span class='ocrx_word' id='word_1_204' title='bbox 626 2215 703 2276; x_wconf 81' lang='lat' dir='ltr'><strong>quae</strong></span> <span class='ocrx_word' id='word_1_205' title='bbox 729 2197 814 2257; x_wconf 88' lang='lat' dir='ltr'><strong>aliam</strong></span> <span class='ocrx_word' id='word_1_206' title='bbox 834 2198 1002 2257; x_wconf 88' lang='lat' dir='ltr'><strong>memoriam</strong></span> <span class='ocrx_word' id='word_1_207' title='bbox 1028 2196 1155 2256; x_wconf 84' lang='lat' dir='ltr'><strong>adiuret.</strong></span> 
     </span>
    </p>

    <p class='ocr_par' dir='ltr' id='par_1_7' title="bbox 102 2277 1158 2692">
     <span class='ocr_line' id='line_1_25' title="bbox 102 2277 1158 2358; baseline 0.002 -22"><span class='ocrx_word' id='word_1_208' title='bbox 102 2277 230 2351; x_wconf 84' lang='lat' dir='ltr'><strong>19Tnm‚</strong></span> <span class='ocrx_word' id='word_1_209' title='bbox 259 2295 334 2356; x_wconf 88' lang='lat' dir='ltr'><strong>quae</strong></span> <span class='ocrx_word' id='word_1_210' title='bbox 362 2280 542 2356; x_wconf 87' lang='lat' dir='ltr'><strong>scripserunt</strong></span> <span class='ocrx_word' id='word_1_211' title='bbox 566 2280 616 2340; x_wconf 84' lang='lat' dir='ltr'><strong>rel</strong></span> <span class='ocrx_word' id='word_1_212' title='bbox 643 2281 820 2357; x_wconf 81' lang='lat' dir='ltr'><strong>cogitatione</strong></span> <span class='ocrx_word' id='word_1_213' title='bbox 846 2279 1096 2358; x_wconf 79' lang='lat' dir='ltr'><strong>complectuntur,</strong></span> <span class='ocrx_word' id='word_1_214' title='bbox 1127 2289 1158 2339; x_wconf 89' lang='lat' dir='ltr'><strong>et</strong></span> 
     </span>
     <span class='ocr_line' id='line_1_26' title="bbox 134 2360 1156 2443; baseline -0.001 -20"><span class='ocrx_word' id='word_1_215' title='bbox 134 2360 239 2436; x_wconf 88' lang='lat' dir='ltr'><strong>signo,</strong></span> <span class='ocrx_word' id='word_1_216' title='bbox 256 2378 315 2439; x_wconf 88' lang='lat' dir='ltr'><strong>quo</strong></span> <span class='ocrx_word' id='word_1_217' title='bbox 330 2371 510 2439; x_wconf 87' lang='lat' dir='ltr'><strong>moneantur,</strong></span> <span class='ocrx_word' id='word_1_218' title='bbox 532 2372 643 2432; x_wconf 90' lang='lat' dir='ltr'><strong>notant;</strong></span> <span class='ocrx_word' id='word_1_219' title='bbox 662 2364 741 2443; x_wconf 86' lang='lat' dir='ltr'><strong>qnod</strong></span> <span class='ocrx_word' id='word_1_220' title='bbox 756 2381 825 2424; x_wconf 87' lang='lat' dir='ltr'><strong>csse</strong></span> <span class='ocrx_word' id='word_1_221' title='bbox 842 2363 892 2424; x_wconf 85' lang='lat' dir='ltr'><strong>vel</strong></span> <span class='ocrx_word' id='word_1_222' title='bbox 910 2381 948 2422; x_wconf 83' lang='lat' dir='ltr'><strong>ex</strong></span> <span class='ocrx_word' id='word_1_223' title='bbox 962 2381 996 2423; x_wconf 87' lang='lat' dir='ltr'><strong>re</strong></span> <span class='ocrx_word' id='word_1_224' title='bbox 1011 2371 1073 2423; x_wconf 86' lang='lat' dir='ltr'><strong>tota</strong></span> <span class='ocrx_word' id='word_1_225' title='bbox 1092 2371 1156 2440; x_wconf 89' lang='lat' dir='ltr'><strong>pot·</strong></span> 
     </span>
     <span class='ocr_line' id='line_1_27' title="bbox 145 2445 1157 2524; baseline 0.005 -23"><span class='ocrx_word' id='word_1_226' title='bbox 145 2452 207 2520; x_wconf 82' lang='lat' dir='ltr'><strong>est,</strong></span> <span class='ocrx_word' id='word_1_227' title='bbox 229 2452 260 2504; x_wconf 92' lang='lat' dir='ltr'><strong>ut</strong></span> <span class='ocrx_word' id='word_1_228' title='bbox 279 2445 317 2506; x_wconf 88' lang='lat' dir='ltr'><strong>dc</strong></span> <span class='ocrx_word' id='word_1_229' title='bbox 334 2447 535 2524; x_wconf 83' lang='lat' dir='ltr'><strong>navigatione,</strong></span> <span class='ocrx_word' id='word_1_230' title='bbox 560 2447 675 2522; x_wconf 84' lang='lat' dir='ltr'><strong>militia,</strong></span> <span class='ocrx_word' id='word_1_231' title='bbox 700 2446 749 2507; x_wconf 89' lang='lat' dir='ltr'><strong>vel</strong></span> <span class='ocrx_word' id='word_1_232' title='bbox 764 2464 803 2507; x_wconf 83' lang='lat' dir='ltr'><strong>ex</strong></span> <span class='ocrx_word' id='word_1_233' title='bbox 824 2446 918 2507; x_wconf 83' lang='lat' dir='ltr'><strong>verho</strong></span> <span class='ocrx_word' id='word_1_234' title='bbox 934 2446 1044 2524; x_wconf 85' lang='lat' dir='ltr'><strong>aliquo.</strong></span> <span class='ocrx_word' id='word_1_235' title='bbox 1083 2445 1157 2506; x_wconf 88' lang='lat' dir='ltr'><strong>Nam</strong></span> 
     </span>
     <span class='ocr_line' id='line_1_28' title="bbox 144 2528 1155 2608; baseline 0.009 -22"><span class='ocrx_word' id='word_1_236' title='bbox 144 2528 230 2587; x_wconf 88' lang='lat' dir='ltr'><strong>etiam</strong></span> <span class='ocrx_word' id='word_1_237' title='bbox 248 2529 418 2589; x_wconf 83' lang='lat' dir='ltr'><strong>excidentes</strong></span> <span class='ocrx_word' id='word_1_238' title='bbox 434 2532 516 2591; x_wconf 90' lang='lat' dir='ltr'><strong>nolus</strong></span> <span class='ocrx_word' id='word_1_239' title='bbox 532 2532 726 2591; x_wconf 88' lang='lat' dir='ltr'><strong>admonitione</strong></span> <span class='ocrx_word' id='word_1_240' title='bbox 741 2529 825 2590; x_wconf 88' lang='lat' dir='ltr'><strong>verbi</strong></span> <span class='ocrx_word' id='word_1_241' title='bbox 841 2532 870 2589; x_wconf 91' lang='lat' dir='ltr'><strong>in</strong></span> <span class='ocrx_word' id='word_1_242' title='bbox 884 2531 1052 2591; x_wconf 88' lang='lat' dir='ltr'><strong>memoriam</strong></span> <span class='ocrx_word' id='word_1_243' title='bbox 1067 2547 1155 2608; x_wconf 87' lang='lat' dir='ltr'><strong>repo·</strong></span> 
     </span>
     <span class='ocr_line' id='line_1_29' title="bbox 143 2613 1157 2692; baseline 0.003 -22"><span class='ocrx_word' id='word_1_244' title='bbox 143 2620 254 2672; x_wconf 83' lang='lat' dir='ltr'><strong>nuntur.</strong></span> <span class='ocrx_word' id='word_1_245' title='bbox 290 2613 333 2674; x_wconf 89' lang='lat' dir='ltr'><strong>Sit</strong></span> <span class='ocrx_word' id='word_1_246' title='bbox 348 2622 443 2674; x_wconf 83' lang='lat' dir='ltr'><strong>autem</strong></span> <span class='ocrx_word' id='word_1_247' title='bbox 459 2616 571 2692; x_wconf 83' lang='lat' dir='ltr'><strong>signam</strong></span> <span class='ocrx_word' id='word_1_248' title='bbox 585 2616 776 2692; x_wconf 84' lang='lat' dir='ltr'><strong>navigationis</strong></span> <span class='ocrx_word' id='word_1_249' title='bbox 792 2623 823 2674; x_wconf 92' lang='lat' dir='ltr'><strong>ut</strong></span> <span class='ocrx_word' id='word_1_250' title='bbox 840 2630 965 2690; x_wconf 86' lang='lat' dir='ltr'><strong>ancora,</strong></span> <span class='ocrx_word' id='word_1_251' title='bbox 990 2613 1110 2673; x_wconf 89' lang='lat' dir='ltr'><strong>militiae</strong></span> <span class='ocrx_word' id='word_1_252' title='bbox 1126 2621 1157 2673; x_wconf 88' lang='lat' dir='ltr'><strong>ut</strong></span> 
     </span>
    </p>

    <p class='ocr_par' dir='ltr' id='par_1_8' title="bbox 101 2692 1197 3363">
     <span class='ocr_line' id='line_1_30' title="bbox 101 2692 1155 2776; baseline 0.002 -22"><span class='ocrx_word' id='word_1_253' title='bbox 101 2692 250 2773; x_wconf 67' lang='lat' dir='ltr'><strong>toaliqaid</strong></span> <span class='ocrx_word' id='word_1_254' title='bbox 272 2715 310 2755; x_wconf 86' lang='lat' dir='ltr'><strong>ex</strong></span> <span class='ocrx_word' id='word_1_255' title='bbox 325 2699 421 2759; x_wconf 85' lang='lat' dir='ltr'><strong>armis.</strong></span> <span class='ocrx_word' id='word_1_256' title='bbox 459 2697 541 2760; x_wconf 86' lang='lat' dir='ltr'><strong>llaec</strong></span> <span class='ocrx_word' id='word_1_257' title='bbox 556 2699 595 2759; x_wconf 89' lang='lat' dir='ltr'><strong>ita</strong></span> <span class='ocrx_word' id='word_1_258' title='bbox 611 2698 753 2776; x_wconf 86' lang='lat' dir='ltr'><strong>digerunt.</strong></span> <span class='ocrx_word' id='word_1_259' title='bbox 791 2697 914 2758; x_wconf 86' lang='lat' dir='ltr'><strong>Primum</strong></span> <span class='ocrx_word' id='word_1_260' title='bbox 932 2715 1049 2757; x_wconf 75' lang='lat' dir='ltr'><strong>sensnm</strong></span> <span class='ocrx_word' id='word_1_261' title='bbox 1064 2699 1155 2758; x_wconf 81' lang='lat' dir='ltr'><strong>vesti·</strong></span> 
     </span>
     <span class='ocr_line' id='line_1_31' title="bbox 144 2776 1155 2860; baseline 0.005 -25"><span class='ocrx_word' id='word_1_262' title='bbox 144 2776 213 2837; x_wconf 93' lang='lat' dir='ltr'><strong>hulo</strong></span> <span class='ocrx_word' id='word_1_263' title='bbox 229 2780 311 2857; x_wconf 88' lang='lat' dir='ltr'><strong>quasi</strong></span> <span class='ocrx_word' id='word_1_264' title='bbox 327 2782 492 2857; x_wconf 83' lang='lat' dir='ltr'><strong>assignant,</strong></span> <span class='ocrx_word' id='word_1_265' title='bbox 509 2781 665 2843; x_wconf 88' lang='lat' dir='ltr'><strong>secundum</strong></span> <span class='ocrx_word' id='word_1_266' title='bbox 687 2784 781 2858; x_wconf 83' lang='lat' dir='ltr'><strong>atrio,</strong></span> <span class='ocrx_word' id='word_1_267' title='bbox 806 2792 864 2842; x_wconf 88' lang='lat' dir='ltr'><strong>tum</strong></span> <span class='ocrx_word' id='word_1_268' title='bbox 878 2781 1018 2860; x_wconf 81' lang='lat' dir='ltr'><strong>impluvia</strong></span> <span class='ocrx_word' id='word_1_269' title='bbox 1034 2782 1155 2842; x_wconf 83' lang='lat' dir='ltr'><strong>circurn-</strong></span> 
     </span>
     <span class='ocr_line' id='line_1_32' title="bbox 144 2862 1154 2935; baseline 0.005 -17"><span class='ocrx_word' id='word_1_270' title='bbox 144 2869 227 2935; x_wconf 79' lang='lat' dir='ltr'><strong>eum,</strong></span> <span class='ocrx_word' id='word_1_271' title='bbox 246 2880 302 2923; x_wconf 87' lang='lat' dir='ltr'><strong>nec</strong></span> <span class='ocrx_word' id='word_1_272' title='bbox 318 2862 458 2925; x_wconf 87' lang='lat' dir='ltr'><strong>cubiculis</strong></span> <span class='ocrx_word' id='word_1_273' title='bbox 473 2866 560 2926; x_wconf 90' lang='lat' dir='ltr'><strong>modo</strong></span> <span class='ocrx_word' id='word_1_274' title='bbox 573 2874 625 2926; x_wconf 81' lang='lat' dir='ltr'><strong>aot</strong></span> <span class='ocrx_word' id='word_1_275' title='bbox 639 2866 758 2927; x_wconf 80' lang='lat' dir='ltr'><strong>exedris</strong></span> <span class='ocrx_word' id='word_1_276' title='bbox 775 2867 829 2926; x_wconf 92' lang='lat' dir='ltr'><strong>sed</strong></span> <span class='ocrx_word' id='word_1_277' title='bbox 844 2867 946 2927; x_wconf 82' lang='lat' dir='ltr'><strong>statuis</strong></span> <span class='ocrx_word' id='word_1_278' title='bbox 968 2866 1056 2925; x_wconf 88' lang='lat' dir='ltr'><strong>etiam</strong></span> <span class='ocrx_word' id='word_1_279' title='bbox 1078 2866 1154 2923; x_wconf 82' lang='lat' dir='ltr'><strong>simi·</strong></span> 
     </span>
     <span class='ocr_line' id='line_1_33' title="bbox 144 2942 1155 3026; baseline 0.008 -26"><span class='ocrx_word' id='word_1_280' title='bbox 144 2942 278 3021; x_wconf 87' lang='lat' dir='ltr'><strong>lihusqne</strong></span> <span class='ocrx_word' id='word_1_281' title='bbox 293 2962 348 3022; x_wconf 87' lang='lat' dir='ltr'><strong>per</strong></span> <span class='ocrx_word' id='word_1_282' title='bbox 365 2948 495 3008; x_wconf 86' lang='lat' dir='ltr'><strong>ordinem</strong></span> <span class='ocrx_word' id='word_1_283' title='bbox 507 2951 698 3021; x_wconf 72' lang='lat' dir='ltr'><strong>committunt.</strong></span> <span class='ocrx_word' id='word_1_284' title='bbox 728 2949 792 3010; x_wconf 90' lang='lat' dir='ltr'><strong>lloc</strong></span> <span class='ocrx_word' id='word_1_285' title='bbox 808 2950 904 3026; x_wconf 87' lang='lat' dir='ltr'><strong>lacto,</strong></span> <span class='ocrx_word' id='word_1_286' title='bbox 923 2967 987 3010; x_wconf 88' lang='lat' dir='ltr'><strong>oum</strong></span> <span class='ocrx_word' id='word_1_287' title='bbox 1006 2958 1053 3008; x_wconf 88' lang='lat' dir='ltr'><strong>est</strong></span> <span class='ocrx_word' id='word_1_288' title='bbox 1067 2966 1155 3026; x_wconf 91' lang='lat' dir='ltr'><strong>repe-</strong></span> 
     </span>
     <span class='ocr_line' id='line_1_34' title="bbox 143 3026 1156 3110; baseline 0.006 -26"><span class='ocrx_word' id='word_1_289' title='bbox 143 3026 229 3086; x_wconf 85' lang='lat' dir='ltr'><strong>tenda</strong></span> <span class='ocrx_word' id='word_1_290' title='bbox 249 3031 404 3105; x_wconf 85' lang='lat' dir='ltr'><strong>memoria,</strong></span> <span class='ocrx_word' id='word_1_291' title='bbox 428 3032 624 3110; x_wconf 64' lang='lat' dir='ltr'><strong>incipiunt‘ah</strong></span> <span class='ocrx_word' id='word_1_292' title='bbox 646 3034 727 3093; x_wconf 89' lang='lat' dir='ltr'><strong>initio</strong></span> <span class='ocrx_word' id='word_1_293' title='bbox 750 3034 817 3094; x_wconf 86' lang='lat' dir='ltr'><strong>loca</strong></span> <span class='ocrx_word' id='word_1_294' title='bbox 833 3034 909 3094; x_wconf 90' lang='lat' dir='ltr'><strong>haec</strong></span> <span class='ocrx_word' id='word_1_295' title='bbox 924 3050 1101 3108; x_wconf 84' lang='lat' dir='ltr'><strong>recensere,</strong></span> <span class='ocrx_word' id='word_1_296' title='bbox 1125 3040 1156 3091; x_wconf 80' lang='lat' dir='ltr'><strong>et</strong></span> 
     </span>
     <span class='ocr_line' id='line_1_35' title="bbox 144 3109 1154 3195; baseline 0.004 -26"><span class='ocrx_word' id='word_1_297' title='bbox 144 3109 222 3187; x_wconf 82' lang='lat' dir='ltr'><strong>quod</strong></span> <span class='ocrx_word' id='word_1_298' title='bbox 238 3111 342 3189; x_wconf 88' lang='lat' dir='ltr'><strong>coique</strong></span> <span class='ocrx_word' id='word_1_299' title='bbox 359 3114 545 3177; x_wconf 87' lang='lat' dir='ltr'><strong>crediderunt</strong></span> <span class='ocrx_word' id='word_1_300' title='bbox 561 3126 737 3195; x_wconf 86' lang='lat' dir='ltr'><strong>reposcant,</strong></span> <span class='ocrx_word' id='word_1_301' title='bbox 753 3127 784 3177; x_wconf 91' lang='lat' dir='ltr'><strong>ut</strong></span> <span class='ocrx_word' id='word_1_302' title='bbox 800 3134 900 3178; x_wconf 85' lang='lat' dir='ltr'><strong>eorum</strong></span> <span class='ocrx_word' id='word_1_303' title='bbox 913 3117 1040 3193; x_wconf 83' lang='lat' dir='ltr'><strong>imagine</strong></span> <span class='ocrx_word' id='word_1_304' title='bbox 1056 3115 1154 3174; x_wconf 87' lang='lat' dir='ltr'><strong>admo·</strong></span> 
     </span>
     <span class='ocr_line' id='line_1_36' title="bbox 142 3194 1153 3280; baseline 0.003 -27"><span class='ocrx_word' id='word_1_305' title='bbox 142 3203 255 3254; x_wconf 86' lang='lat' dir='ltr'><strong>nentur.</strong></span> <span class='ocrx_word' id='word_1_306' title='bbox 286 3194 345 3271; x_wconf 86' lang='lat' dir='ltr'><strong>lta,</strong></span> <span class='ocrx_word' id='word_1_307' title='bbox 367 3199 527 3276; x_wconf 81' lang='lat' dir='ltr'><strong>quemlihet</strong></span> <span class='ocrx_word' id='word_1_308' title='bbox 540 3200 627 3261; x_wconf 90' lang='lat' dir='ltr'><strong>multa</strong></span> <span class='ocrx_word' id='word_1_309' title='bbox 642 3202 715 3275; x_wconf 86' lang='lat' dir='ltr'><strong>sint,</strong></span> <span class='ocrx_word' id='word_1_310' title='bbox 737 3218 860 3280; x_wconf 82' lang='lat' dir='ltr'><strong>quoram</strong></span> <span class='ocrx_word' id='word_1_311' title='bbox 882 3201 1049 3260; x_wconf 87' lang='lat' dir='ltr'><strong>meminisse</strong></span> <span class='ocrx_word' id='word_1_312' title='bbox 1065 3215 1153 3276; x_wconf 86' lang='lat' dir='ltr'><strong>opor·</strong></span> 
     </span>
     <span class='ocr_line' id='line_1_37' title="bbox 142 3277 1197 3363; baseline 0.001 -25"><span class='ocrx_word' id='word_1_313' title='bbox 142 3286 219 3359; x_wconf 83' lang='lat' dir='ltr'><strong>teat,</strong></span> <span class='ocrx_word' id='word_1_314' title='bbox 237 3277 307 3338; x_wconf 90' lang='lat' dir='ltr'><strong>liunt</strong></span> <span class='ocrx_word' id='word_1_315' title='bbox 324 3281 437 3358; x_wconf 87' lang='lat' dir='ltr'><strong>singula</strong></span> <span class='ocrx_word' id='word_1_316' title='bbox 452 3301 528 3344; x_wconf 81' lang='lat' dir='ltr'><strong>nexa</strong></span> <span class='ocrx_word' id='word_1_317' title='bbox 545 3285 632 3344; x_wconf 90' lang='lat' dir='ltr'><strong>etiam</strong></span> <span class='ocrx_word' id='word_1_318' title='bbox 647 3283 772 3363; x_wconf 85' lang='lat' dir='ltr'><strong>quodam</strong></span> <span class='ocrx_word' id='word_1_319' title='bbox 787 3286 881 3360; x_wconf 85' lang='lat' dir='ltr'><strong>corio,</strong></span> <span class='ocrx_word' id='word_1_320' title='bbox 898 3302 955 3343; x_wconf 91' lang='lat' dir='ltr'><strong>nec</strong></span> <span class='ocrx_word' id='word_1_321' title='bbox 971 3289 1068 3343; x_wconf 88' lang='lat' dir='ltr'><strong>errant</strong></span> <span class='ocrx_word' id='word_1_322' title='bbox 1085 3297 1154 3341; x_wconf 90' lang='lat' dir='ltr'><strong>con·</strong></span> <span class='ocrx_word' id='word_1_323' title='bbox 1191 3323 1197 3332; x_wconf 90' lang='lat'><em>.</em></span> 
     </span>
    </p>
   </div>
   <div class='ocr_carea' id='block_1_3' title="bbox 103 3362 1156 3531">
    <p class='ocr_par' dir='ltr' id='par_1_9' title="bbox 103 3362 1156 3531">
     <span class='ocr_line' id='line_1_38' title="bbox 103 3362 1154 3447; baseline 0.003 -25"><span class='ocrx_word' id='word_1_324' title='bbox 103 3368 133 3422; x_wconf 78' lang='lat' dir='ltr'><strong>tl</strong></span> <span class='ocrx_word' id='word_1_325' title='bbox 141 3363 296 3438; x_wconf 88' lang='lat' dir='ltr'><strong>iungentes</strong></span> <span class='ocrx_word' id='word_1_326' title='bbox 318 3365 464 3442; x_wconf 87' lang='lat' dir='ltr'><strong>prioribus</strong></span> <span class='ocrx_word' id='word_1_327' title='bbox 484 3368 636 3447; x_wconf 86' lang='lat' dir='ltr'><strong>sequentia</strong></span> <span class='ocrx_word' id='word_1_328' title='bbox 657 3367 723 3428; x_wconf 88' lang='lat' dir='ltr'><strong>solo</strong></span> <span class='ocrx_word' id='word_1_329' title='bbox 746 3368 897 3429; x_wconf 88' lang='lat' dir='ltr'><strong>ediscendi</strong></span> <span class='ocrx_word' id='word_1_330' title='bbox 920 3366 1034 3429; x_wconf 89' lang='lat' dir='ltr'><strong>labore.</strong></span> <span class='ocrx_word' id='word_1_331' title='bbox 1068 3362 1154 3438; x_wconf 79' lang='lat' dir='ltr'><strong>Quod</strong></span> 
     </span>
     <span class='ocr_line' id='line_1_39' title="bbox 143 3445 1156 3531; baseline 0 -25"><span class='ocrx_word' id='word_1_332' title='bbox 143 3445 283 3507; x_wconf 86' lang='lat' dir='ltr'><strong>dedomo</strong></span> <span class='ocrx_word' id='word_1_333' title='bbox 298 3447 375 3526; x_wconf 82' lang='lat' dir='ltr'><strong>dixi,</strong></span> <span class='ocrx_word' id='word_1_334' title='bbox 396 3458 426 3509; x_wconf 90' lang='lat' dir='ltr'><strong>et</strong></span> <span class='ocrx_word' id='word_1_335' title='bbox 447 3452 476 3509; x_wconf 91' lang='lat' dir='ltr'><strong>in</strong></span> <span class='ocrx_word' id='word_1_336' title='bbox 497 3451 636 3530; x_wconf 86' lang='lat' dir='ltr'><strong>operibns</strong></span> <span class='ocrx_word' id='word_1_337' title='bbox 658 3453 783 3531; x_wconf 86' lang='lat' dir='ltr'><strong>publicis</strong></span> <span class='ocrx_word' id='word_1_338' title='bbox 807 3461 837 3512; x_wconf 88' lang='lat' dir='ltr'><strong>et</strong></span> <span class='ocrx_word' id='word_1_339' title='bbox 852 3454 880 3511; x_wconf 90' lang='lat' dir='ltr'><strong>in</strong></span> <span class='ocrx_word' id='word_1_340' title='bbox 897 3452 1000 3511; x_wconf 86' lang='lat' dir='ltr'><strong>itinere</strong></span> <span class='ocrx_word' id='word_1_341' title='bbox 1015 3448 1107 3526; x_wconf 86' lang='lat' dir='ltr'><strong>longo</strong></span> <span class='ocrx_word' id='word_1_342' title='bbox 1125 3455 1156 3507; x_wconf 90' lang='lat' dir='ltr'><strong>et</strong></span> 
     </span>
    </p>
   </div>
   <div class='ocr_carea' id='block_1_4' title="bbox 87 3530 305 3632">
    <p class='ocr_par' dir='ltr' id='par_1_10' title="bbox 87 3530 305 3632">
     <span class='ocr_line' id='line_1_40' title="bbox 87 3530 305 3632; baseline 0 -23"><span class='ocrx_word' id='word_1_343' title='bbox 87 3530 305 3632; x_wconf 62' lang='grc' dir='ltr'><strong>Λκ</strong></span> 
     </span>
    </p>
   </div>
   <div class='ocr_carea' id='block_1_5' title="bbox 0 0 1208 3854">
    <p class='ocr_par' dir='ltr' id='par_1_11' title="bbox 0 0 1208 3854">
     <span class='ocr_line' id='line_1_41' title="bbox 0 0 1208 3854; baseline 0 0"><span class='ocrx_word' id='word_1_344' title='bbox 0 0 1208 3854; x_wconf 95' lang='lat' dir='ltr'><strong> </strong></span> 
     </span>
    </p>
   </div>
  </div>
 </body>
</html>
