2408 3854
131 169 192 232 248
448 180 812 240 msamournururunr

133 339 189 398 sint
203 337 291 397 multa
306 336 433 415 propriis
449 333 646 413 brevibusque
667 333 976 413 comprehensionibus
999 335 1138 416 unienda,

131 420 206 481 nude
231 421 315 481 etiam
345 427 436 479 status
458 435 608 479 causarum
635 417 738 478 dicitur
763 419 903 479 finitivus:
934 436 1030 482 nonne
1051 420 1140 483 adid

132 522 250 586 qnoque
264 503 366 564 instrui
382 502 418 562 ab
434 503 485 578 iis,
506 503 554 580 qui
569 502 635 580 plus
650 503 679 561 in
693 500 752 562 hoc
766 501 852 563 studii
867 501 1025 581 dederuut,
1049 521 1138 584 opor·

132 585 193 649 tet?
216 585 312 662 Quid?
338 587 543 664 conquaestio
562 586 631 644 iuris
653 586 744 645 omnis
765 594 814 663 aut
830 585 986 647 verborum
1003 590 1138 668 proprio·

132 681 192 732 tate
209 680 258 732 aut
273 672 359 749 aequi
374 669 569 748 disputatione
584 677 632 729 aut
649 668 804 730 voluntatis
821 671 989 732 coniectura
1006 673 1137 732 contine·

132 753 198 815 turi
221 771 343 833 quornm
360 770 427 831 pars
441 752 477 813 ad
491 752 672 829 rationalem,
692 771 760 832 pars
776 753 812 814 ad
828 754 967 815 moralem
983 764 1138 818 tractatum

90 838 278 904 horedundat.
324 835 404 914 llrgo
424 844 526 897 natura
549 838 689 916 permixta
715 846 760 897 est
787 837 918 899 omnibns
943 839 1006 899 istis
1029 841 1137 917 oratio,

132 939 207 1002 quae
229 921 345 1001 quidem
367 921 460 981 oratio
480 929 526 980 est
545 937 626 982 vero.
665 919 737 981 Nam
756 921 858 999 ignara
879 921 995 1002 quidem
1014 922 1139 984 huiusce

132 1006 283 1065 doctrinae
306 1004 467 1083 loquacitas
490 1014 569 1065 erret
591 1022 717 1066 necesse
737 1012 800 1081 est,
821 1014 852 1065 ut
874 1023 948 1085 quae
969 1006 1019 1068 vel
1039 1006 1138 1067 nullos

132 1089 180 1148 vel
195 1089 287 1151 falsos
306 1089 396 1149 duces
411 1086 528 1149 haheat.
998 1157 1000 1161 ,

67 1237 70 1243 ,
216 1173 286 1234 Pars
309 1190 381 1233 vero
399 1172 600 1248 naturalis,
624 1189 688 1231 cum
711 1180 757 1231 est
773 1173 809 1235 nd
831 1172 1072 1234 exercitationem
1093 1173 1136 1234 di-

133 1256 216 1317 cendi
233 1265 310 1317 tanto
327 1259 434 1316 ceteris
449 1255 583 1332 uberior,
602 1264 709 1334 quanto
728 1258 838 1318 maiore
855 1257 957 1334 spiritu
978 1256 1015 1318 de
1031 1258 1136 1320 divinis

132 1338 219 1400 rebus
240 1358 325 1418 quam
343 1339 473 1399 humanis
491 1338 665 1418 loquendum
683 1348 744 1416 est,
766 1348 824 1400 tum
841 1340 920 1401 illam
937 1341 1024 1401 etiam
1039 1358 1136 1403 mora·

132 1424 206 1499 lem,
222 1425 284 1482 sine
300 1442 356 1502 qua
371 1422 449 1483 nulla
465 1440 549 1499 esse,
568 1430 598 1481 ut
615 1421 784 1501 docuimus,
804 1425 897 1485 oratio
914 1433 1029 1502 potest,
1045 1433 1137 1486 totam

90 1507 344 1586 alcomplectitur.
379 1505 451 1566 Nam
473 1507 498 1565 si
520 1507 834 1585 regiturprovidentia
855 1508 991 1569 muudus:
1016 1507 1136 1569 admini-

133 1589 250 1651 stranda
276 1598 356 1650 certe
378 1589 462 1649 bonis
477 1591 547 1650 viris
570 1591 689 1651 eritrea
709 1591 842 1670 publico;
871 1593 896 1652 si
912 1592 1006 1654 divina
1026 1594 1136 1653 nostris

133 1674 233 1733 animis
251 1673 350 1751 origo:
373 1673 547 1734 tendendum
567 1674 603 1735 ad
624 1676 759 1737 virtutem
781 1694 838 1736 nec
858 1675 1056 1754 voluptatibus
1077 1685 1135 1737 tor·

132 1760 195 1817 reni
211 1759 344 1836 corporis
360 1757 553 1818 serviendum.
592 1757 638 1816 An
652 1757 727 1820 hacc
741 1777 799 1820 uon
815 1760 985 1838 frequenter
1001 1760 1137 1821 tractabit

133 1839 254 1902 oratori
282 1842 329 1901 An
346 1841 382 1901 de
399 1843 542 1919 auguriis,
558 1843 726 1919 responsis,
744 1843 889 1921 religione
904 1843 1135 1923 deniqueomni,

133 1924 169 1985 de
185 1925 288 2005 quibus
304 1926 425 1987 maxima
442 1935 532 2003 saepe
548 1927 577 1984 in
594 1934 696 1985 senatu
715 1928 835 1988 consilia
851 1937 967 1988 versata
986 1936 1062 2004 sunt,
1078 1945 1138 1989 non

134 2010 189 2068 erit
204 2011 231 2069 ei
245 2009 460 2086 disserendum,
484 2011 509 2068 si
525 2008 655 2086 quidem,
677 2016 708 2069 ut
723 2010 806 2070 nobis
821 2010 935 2090 placet,
960 2012 1072 2071 iuturus
1090 2020 1137 2072 est

133 2094 177 2151 vir
198 2093 290 2153 civilis
314 2090 412 2153 idem?
443 2092 526 2166 Quae
549 2093 675 2171 denique
693 2094 817 2173 intelligi
838 2095 940 2156 saltem
958 2103 1057 2173 potest
1073 2095 1136 2155 elo-

92 2177 248 2254 bhquentia
264 2175 386 2236 hominis
400 2178 507 2255 optima
518 2174 699 2261 nescientis?
722 2178 802 2239 llaec
814 2180 838 2238 si
853 2180 965 2239 ratione
982 2179 1136 2240 manifesta

133 2277 190 2318 nou
207 2268 323 2319 essent:
340 2260 483 2337 exemplis
503 2268 598 2320 tamen
615 2259 810 2323 crederemus.
843 2261 991 2342 Siquidem
1010 2271 1040 2322 et
1055 2262 1136 2323 Peri-

134 2343 219 2418 clem,
236 2344 316 2402 cuius
333 2342 530 2420 eloquentiae,
547 2345 657 2405 etiamsi
672 2345 751 2406 nulla
767 2346 803 2406 ad
817 2363 871 2407 uos
885 2354 1068 2406 monumenta
1084 2363 1135 2407 ve·

133 2433 253 2504 nerunt,
274 2427 331 2487 vim
353 2435 449 2487 tamen
464 2427 604 2506 quandam
620 2428 819 2489 incredibilem
844 2448 908 2490 cnm
922 2426 1054 2490 historici
1076 2439 1135 2489 tnm

134 2512 236 2588 etiam,
257 2509 434 2571 liberrimum
453 2510 597 2572 hominnm
612 2530 723 2590 genus,
747 2515 849 2574 comici
871 2522 989 2574 veteres
1007 2512 1136 2589 tradunt,

134 2595 329 2673 Anaxagorae
344 2595 458 2675 physici
474 2603 587 2656 constat
608 2597 768 2659 auditorem
783 2597 890 2674 inisse,
913 2607 943 2657 et
959 2596 1135 2657 Demosthe·

134 2698 215 2754 uem,
243 2682 403 2758 principem
427 2681 550 2740 omnium
567 2678 706 2742 Graeciae
729 2690 891 2757 oratorum,
920 2681 1036 2742 dedisse
1062 2697 1134 2758 ope-

91 2771 191 2823 23ram
206 2762 327 2823 Platoni.
359 2762 431 2823 Nam
446 2762 485 2839 hl,
503 2763 630 2841 Tullius,
656 2782 713 2825 non
728 2774 835 2825 tautum
850 2783 883 2824 se
898 2762 1008 2825 debere
1023 2763 1136 2823 scholis

133 2844 296 2922 rhetorum,
317 2855 453 2925 quantum
474 2846 649 2908 Academiae
671 2850 786 2928 spatiis,
810 2849 979 2928 frequenter
1003 2849 1067 2926 ipse
1091 2856 1139 2908 te·.

134 2935 237 2994 statur:
265 2946 360 3007 neque
375 2948 409 2990 se
426 2940 503 2992 tanta
520 2931 549 2990 in
565 2949 601 2992 eo
616 2950 740 3010 unquam
757 2932 879 2992 fudisset
893 2930 1030 3006 ubertas,
1053 2933 1079 2991 si
1093 2932 1135 2992 in·

133 3012 248 3086 genium
265 3029 347 3071 sunm
363 3023 505 3093 consepto
523 3015 580 3074 lori
597 3033 654 3076 non
671 3017 761 3094 ipsius
777 3034 873 3077 rerum
889 3021 1008 3076 naturae
1030 3014 1135 3075 linibus

135 3095 327 3155 terminasset.

217 3177 325 3239 Verum
343 3195 381 3238 ex
395 3179 453 3239 hoc
469 3181 525 3242 alia
540 3181 607 3241 mihi
624 3182 755 3259 quaestio
772 3183 918 3259 exoritur,
941 3200 1016 3262 quae
1032 3192 1136 3242 secta

135 3261 270 3324 conferre
286 3262 437 3342 plurimum
454 3262 638 3342 eloquentiae
653 3266 762 3343 possin
787 3283 947 3345 quanquam
964 3284 998 3326 ea
1013 3283 1071 3325 non
1094 3266 1135 3325 in-

92 3353 126 3408 24
136 3355 181 3406 ter
200 3349 303 3409 multas
326 3354 424 3426 potest
444 3364 512 3406 esse
536 3350 691 3408 contentio.
728 3346 801 3408 Nam
822 3351 851 3408 in
866 3351 964 3429 primis
980 3367 1033 3410 nos
1048 3348 1116 3427 Epi
1123 3381 1135 3394 -

135 3446 244 3490 curus
261 3451 276 3493 a
291 3451 324 3492 se
339 3433 404 3510 ipse
420 3430 548 3509 dimittit,
572 3433 620 3510 qui
637 3432 740 3510 iugero
761 3450 873 3493 omnem
890 3433 1069 3512 disciplinam
1087 3450 1135 3492 na-
