2408 3854
138 175 200 237 200
455 182 815 244 annumerandam

136 342 172 402 ad
193 339 303 401 bellum
320 339 373 399 sed
390 340 427 399 ad
446 339 616 399 frumentum
633 336 837 412 coemendum,
854 338 908 412 ait,
926 344 957 396 ut
973 337 1095 415 primum
1110 336 1144 398 li·

137 426 239 499 cuerit,
255 442 273 483 a
288 421 416 501 partibus
430 423 608 489 recessisae;
623 419 767 497 Ligarium
779 429 808 481 et
822 437 1032 500 perseverasse
1045 429 1074 480 et
1085 436 1145 481 non

136 526 190 589 pro
211 504 263 567 Cn.
285 505 441 585 Pompeio,
465 506 541 565 inter
561 523 646 584 quern
667 513 696 563 et
713 501 870 564 Gaesarem
888 503 1033 583 dignitatis
1050 504 1144 565 inerit

136 592 300 665 contentio,
317 607 381 649 eum
396 589 506 649 salvam
521 597 643 667 uterque
658 606 719 647 rem
735 585 880 671 publicam
895 586 1002 662 vellet,
1019 586 1072 649 sed
1088 605 1144 666 pro

93 688 123 740 til
135 674 204 736 lulra
219 684 308 753 atque
322 672 402 735 Adria
424 672 625 733 inimicissimis
647 669 756 750 populo
773 668 905 731 Romano
921 671 1050 731 stetisse.
1086 667 1142 731 Ce-

137 769 229 819 terum
246 756 296 817 vel
312 755 478 817 lacillimum
494 763 556 831 est,
578 753 617 817 ibi
639 754 762 817 alienam
785 754 899 834 culpam
920 755 1070 830 incusare,
1093 753 1143 817 ubi

137 840 236 904 lateris
254 850 340 903 tuam.
371 838 479 901 Verum
499 838 528 900 id
550 840 605 901 iam
620 838 721 898 iudicis
743 847 789 897 eat
804 855 862 898 nou
879 840 997 899 actoris.
1027 837 1143 913 Quodsi

136 926 215 987 nulla
238 924 378 1007 contingit
407 924 574 1005 excusatio:
601 921 667 983 sola
691 921 821 983 colorem
843 920 931 981 habet
952 922 1141 1002 poenitentia.

134 1011 235 1071 Potest
251 1000 331 1069 enim
345 1004 439 1075 videri
453 1009 524 1069 satis
543 1005 726 1091 emendatus,
749 1007 798 1084 qui
815 1008 843 1065 in
859 1005 954 1067 odium
969 1022 1088 1082 eorum,
1113 1006 1144 1065 in

92 1092 237 1173 siquibus
252 1100 411 1177 errarerat,
426 1091 491 1170 ipse
506 1107 665 1151 conversus
680 1100 734 1151 est.
757 1089 829 1152 Sunt
843 1090 918 1151 enim
934 1107 1040 1151 causae
1053 1107 1142 1169 quae·

135 1178 216 1252 dam,
234 1194 307 1255 quae
318 1174 380 1235 hoc
396 1184 496 1237 natura
511 1176 574 1254 ipsa
590 1175 634 1234 rei
652 1192 711 1235 non
725 1174 863 1247 indecens
874 1173 1002 1237 ¹iaciant:
1028 1183 1059 1233 ut
1077 1192 1142 1235 cum

135 1270 218 1340 pater
234 1279 272 1321 ex
285 1259 441 1318 meretrice
455 1268 562 1334 natum,
582 1256 659 1337 quod
675 1258 789 1343 nituerit
804 1259 987 1319 meretricem
1002 1259 1031 1317 in
1045 1258 1141 1318 matri·

134 1344 274 1418 monium,
300 1340 424 1403 abdicat.
463 1340 647 1403 Scholastica
668 1342 787 1402 materia
813 1341 864 1403 sed
887 1358 961 1418 non,
987 1358 1062 1421 quae
1082 1359 1143 1401 non

135 1428 229 1506 possit
252 1424 397 1493 accidere.
426 1424 481 1485 Hic
502 1420 589 1503 igitur
609 1425 697 1487 multa
712 1443 771 1503 nop
791 1425 960 1487 deformiter
977 1425 1070 1487 dicet:
1091 1424 1142 1486 vel

135 1509 213 1591 quod
234 1510 358 1573 omnium
378 1510 415 1568 sit
430 1518 527 1568 votum
539 1518 709 1589 parentum,
731 1509 962 1571 utlronestiores
985 1526 1069 1589 quem
1084 1510 1143 1569 sint

134 1593 190 1673 ipsi
201 1590 311 1652 liberos
318 1591 456 1669 habeant,
475 1593 606 1672 (namet,
623 1595 647 1653 si
658 1592 717 1653 filia
726 1603 803 1670 nata,
821 1595 960 1655 meretrix
972 1609 1036 1653 eam
1048 1603 1143 1655 mater

134 1676 267 1755 pudicam
283 1695 350 1736 esse
365 1676 523 1757 voluisset)
540 1676 588 1737 vel
604 1676 682 1757 quod
695 1676 829 1741 humilior
843 1679 908 1756 ipse
929 1677 1032 1754 urere,
1055 1676 1143 1756 (licet

135 1761 209 1820 enim
224 1759 281 1820 hoo
297 1759 412 1821 diceret
427 1759 477 1819 vel
493 1761 569 1839 quod
584 1778 642 1820 non
658 1759 791 1822 hahuerit
804 1770 917 1841 patrem
931 1764 1140 1840 admonerem

91 1846 200 1923 asquin
216 1861 252 1927 en
267 1845 360 1905 minus
374 1808 411 1905 irs
419 1840 581 1906 l'aoiendum
596 1843 656 1904 filio
678 1843 786 1920 luisse,
810 1863 847 1904 ne
864 1861 984 1905 renouat
991 1853 1020 1904 et
1038 1844 1142 1926 domus

134 1926 275 2007 pudorem
298 1937 328 1989 et
354 1926 546 2005 exprobraret
568 1930 641 2008 patri
663 1929 797 2007 nuptias,
826 1929 909 1989 matri
932 1930 1037 2007 prioris
1062 1929 1142 1989 ritae

133 2012 352 2079 necessitatem
379 2028 417 2069 ne
438 2009 561 2090 denique
581 2010 679 2089 legem
700 2011 841 2090 quandam
861 2013 921 2072 suis
940 2010 1140 2091 quoquesuh·

134 2095 200 2156 iude
223 2093 322 2157 liberis
345 2094 436 2155 daret.
471 2091 625 2156 Credibilis
648 2096 702 2157 erit
719 2096 804 2156 etiarn
819 2097 938 2175 propria
956 2095 1096 2175 quaedam
1112 2097 1142 2157 in

134 2178 183 2239 illa
200 2172 354 2239 meretrice
372 2178 535 2257 turpitudo,
555 2197 639 2258 quam
653 2196 729 2239 nunc
745 2178 792 2239 luio
806 2187 891 2259 pater
905 2179 983 2239 ferre
999 2195 1058 2239 nou
1071 2196 1140 2257 pos·

135 2263 180 2321 sit.
224 2258 291 2323 Alia
320 2269 488 2341 praetereo.
530 2260 636 2342 -Neque
663 2262 737 2323 enim
762 2281 837 2323 nunc
865 2262 1058 2328 declamemus
1085 2262 1141 2324 sed

132 2344 328 2488 l‹patendimum
355 2342 556 2429 nonnunquam
580 2363 670 2425 posse
695 2345 838 2406 dicentem
859 2346 931 2426 ipsis
949 2345 1142 2417 incommodis

154 2445 208 2489 cne
223 2429 273 2493 uti.
470 2428 473 2432 ’

91 2520 127 2575 84
214 2510 280 2573 1111ε
296 2512 392 2575 maior
411 2520 528 2589 aestus,
549 2511 598 2573 uhi
620 2515 684 2593 quis
706 2513 840 2592 pudenda
862 2515 1006 2592 queritur,
1030 2520 1061 2571 ut
1081 2520 1142 2571 stu·

135 2615 233 2675 prum,
253 2592 413 2676 praecipue
430 2596 458 2655 in
476 2596 617 2672 maribus,
641 2606 688 2659 aut
707 2615 741 2658 os
756 2597 947 2677 profanatum.
977 2595 1043 2657 Non
1060 2595 1141 2672 dico,

134 2681 158 2739 si
174 2678 309 2759 loquatur
322 2676 402 2760 ipse3
421 2681 565 2760 namquid
582 2680 660 2744 aliud
675 2684 702 2741 ei
718 2698 801 2760 quam
817 2682 940 2759 gemitus
957 2697 992 2739 ac
1005 2679 1093 2741 dctus
1111 2688 1143 2739 et

134 2764 283 2823 execratio
298 2765 375 2825 vitae
393 2765 561 2840 conveniat,
579 2772 609 2824 ut
624 2763 712 2825 iudex
728 2763 871 2842 intelligat
888 2764 987 2842 potius
1007 2757 1142 2823 dolorem

133 2844 213 2905 illum
229 2863 312 2931 quam
329 2845 446 2909 audiat?
476 2847 535 2909 Sed
552 2857 676 2927 patrono
692 2866 809 2934 quoque
820 2846 878 2927 'per
893 2845 1002 2907 slmiles
1017 2845 1141 2907 allectus

135 2927 256 2991 eundum
272 2932 343 3006 erit,
367 2932 434 3011 quia
448 2931 505 2992 hoo
519 2932 638 2994 iniuriae
655 2951 747 3010 genus
769 2930 964 2993 verecundius
982 2938 1028 2990 est
1043 2930 1142 3007 passis

90 3027 218 3090 nsquam
237 3014 325 3073 ansis.
353 3012 512 3089 ldolliendp
528 3025 573 3076 est
589 3017 618 3083 in
637 3016 786 3103 plerisque
804 3014 861 3077 alio
879 3013 980 3074 colore
996 3013 1143 3096 asperitas

134 3096 283 3172 orationis,
298 3106 329 3156 nt
342 3092 449 3161 cicero
463 3097 499 3161 de
514 3101 743 3179 proscriptorum
754 3098 854 3162 liberis
869 3099 949 3159 lecit.
970 3095 1049 3171 Quid
1065 3096 1142 3175 euim

134 3178 279 3243 crudelius
306 3198 390 3259 quam
416 3180 547 3245 homines
573 3180 703 3248 honestis
729 3182 896 3263 parentibus
923 3199 958 3241 ac
976 3176 1143 3259 maioribus

133 3271 216 3323 natos
242 3282 258 3324 a
280 3283 312 3324 re
334 3260 451 3343 publica
473 3263 667 3329 summoveri?
699 3266 800 3347 ltaque
817 3265 917 3327 durum
934 3264 963 3326 id
980 3282 1047 3325 esse
1064 3282 1141 3329 sum·

132 3364 195 3407 mus
215 3346 266 3408 ille
289 3348 504 3410 tractandorum
523 3349 679 3411 animorum
700 3349 805 3411 artilex
830 3346 1000 3423 confitetur,
1024 3347 1080 3409 sed
1101 3347 1142 3427 ita

133 3429 246 3508 legibus
267 3430 367 3493 Sullae
386 3432 548 3494 cohaerere
569 3442 673 3494 statum
689 3434 813 3495 civitatis
833 3431 970 3509 affirmat,
986 3439 1017 3491 ut
1031 3430 1077 3492 lris
1091 3448 1141 3493 so·

63 3562 217 3636 A
246 3616 252 3627 .
