2408 3854
282 215 372 264 men.
393 215 541 264 cassen.
564 215 892 283 nrn.v111,1²noen1u.
1046 211 1087 273 43
1167 270 1170 277 ,

83 368 201 430 brevius
222 387 256 430 ac
277 370 435 448 simplicius
457 370 529 429 tradi
552 370 644 447 magis
663 372 806 431 convenit.
848 371 906 432 Aut
921 375 996 433 enim
1011 375 1115 442 dim-2

83 453 191 514 cultata
209 455 393 513 institutionis
406 462 462 513 tam
477 470 650 525 numerosae
664 464 751 533 atque
765 455 929 532 perplexae
944 457 1086 520 deterreri

83 537 193 606 seleut;
216 545 264 598 aut
286 553 321 596 eo
337 546 486 614 tempore,
503 553 560 614 qne
577 539 735 617 praecipue
752 539 855 599 alenda
870 542 983 616 ingenia
1000 551 1086 620 atque

81 620 260 698 indulgentia
292 620 413 698 quadam
446 621 612 680 enutrienda
645 631 725 697 sunt,
758 624 936 700 asperiorum
963 633 1085 685 tractatu

81 722 178 766 rerum
201 712 375 771 atteruntur;
400 713 463 779 aut,
487 705 511 762 si
533 704 606 763 haee
627 705 691 764 sola
713 705 889 781 didicerunt,
916 709 985 767 satis
1002 727 1034 767 se
1049 709 1085 770 ad

80 789 279 868 elequentiam
294 789 450 846 instructos
466 787 655 856 arbitrantur;
677 799 724 848 aut
740 791 822 868 quasi
836 790 872 849 ad
889 800 983 851 certas
999 809 1083 870 quas·

81 873 146 932 dam
177 871 291 932 dicendi
323 870 407 948 leges
435 870 544 948 alligati
581 881 714 930 conatum
747 890 858 932 emnem
886 875 1083 935 reformidant.

81 955 165 1016 Unde
196 957 359 1015 existimant
389 954 549 1027 recidisse,
578 964 624 1029 ut,
655 957 703 1033 qui
732 956 941 1034 diligentissimi
973 958 1111 1018 Artiumit

81 1040 242 1118 scriptores
264 1040 441 1112 exstiterint,
464 1036 499 1097 ab
516 1037 681 1115 eloquentia
698 1039 867 1116 longissime
883 1042 998 1101 fuerint.
1029 1043 1083 1103 Via

80 1133 176 1183 tamen
193 1139 266 1201 epus
288 1130 334 1180 est
354 1120 555 1199 incipientibus
578 1122 631 1181 sed
647 1140 681 1181 ea
702 1123 787 1199 plana
805 1133 834 1182 et
856 1142 919 1183 eum
937 1126 972 1185 ad
987 1127 1082 1202 ingre·

79 1205 215 1267 diendum
230 1215 288 1265 tum
302 1204 337 1264 ad
354 1204 604 1264 demonstrandum
619 1206 764 1283 expedita.
802 1205 899 1284 Eligat
917 1209 1014 1286 itaque
1031 1227 1082 1287 pe·

79 1291 152 1350 ritus
173 1289 224 1349 ille
245 1297 421 1369 praeceptor
442 1305 480 1347 ex
501 1289 631 1349 omnibus
647 1292 753 1367 optima
770 1298 798 1348 et
813 1291 906 1350 tradat
920 1309 954 1350 ea
971 1293 1082 1351 demum

78 1375 304 1452 inpraesentia,
329 1390 405 1450 quac
424 1373 557 1450 placent,
579 1383 689 1433 remota
709 1373 851 1433 refutandi
872 1384 969 1435 cetera
990 1392 1081 1435 mora.

77 1458 245 1535 sequentur
273 1457 346 1515 enim
374 1456 522 1534 discipuli,
553 1473 609 1534 que
634 1458 760 1518 duxeris.
801 1457 870 1517 illex
891 1477 954 1518 cum
975 1458 1082 1519 robore

77 1540 195 1602 dicendi
217 1549 333 1600 crescet
356 1541 441 1600 etiam
457 1539 589 1599 eruditio.
625 1539 714 1601 lidem
729 1542 821 1620 primo
837 1540 930 1601 solum
946 1544 1001 1602 iter
1016 1552 1110 1603 ere-4

78 1624 149 1685 dant
172 1642 256 1700 esse,
284 1625 313 1683 in
332 1624 409 1702 quod
437 1623 623 1699 inducentur,
653 1634 720 1702 post
742 1624 812 1686 illud
834 1627 976 1703 cognituri
997 1629 1082 1687 etiam

78 1710 227 1788 optimum.
257 1709 328 1769 Sunt
343 1717 437 1768 autem
452 1725 547 1785 neque
563 1708 686 1768 obseura
702 1726 797 1786 neque
813 1709 848 1769 ad
864 1711 1081 1788 percipiendum

80 1791 227 1868 difficilia,
259 1809 334 1870 quae
361 1793 520 1869 scriptores
545 1792 667 1851 diversis
693 1792 882 1870 opinionibus
895 1795 1082 1872 pertinaciter

77 1875 195 1936 tuendis
219 1875 411 1935 involverunt.
447 1874 548 1953 ltaque
570 1879 598 1935 in
627 1885 688 1935 toto
717 1877 785 1934 artis
812 1875 933 1935 huiusce
959 1884 1109 1936 tractatu5

77 1958 225 2020 difficilius
239 1968 285 2019 est
298 1960 444 2034 iudicare,
460 1960 527 2036 quid
542 1959 667 2033 doceas,
686 1976 779 2037 quam,
797 1976 860 2019 eum
871 1958 1016 2034 iudicaris,
1030 1958 1080 2019 do·

78 2060 165 2117 cere,
196 2045 411 2123 praecipueque
439 2044 467 2101 in
484 2041 593 2102 duabus
624 2042 668 2101 uis
690 2042 819 2120 partibus
848 2060 987 2121 perquam
1017 2051 1081 2102 sunt

78 2143 190 2204 pauca,
214 2128 292 2187 eirea
314 2144 388 2206 quae
412 2129 437 2186 si
457 2129 499 2201 is,
523 2128 571 2205 qui
591 2127 769 2202 instituetur,
787 2143 844 2185 non
863 2127 1080 2204 repugnaverit,

77 2226 200 2290 pronum
217 2210 252 2270 ad
269 2220 367 2270 cetera
381 2210 528 2270 habiturus
545 2218 590 2270 est
605 2229 727 2269 cursum.

164 2293 274 2372 Nempe
297 2295 371 2355 enim
392 2294 543 2372 plurimum
571 2294 600 2352 in
621 2293 678 2353 hoc
698 2294 807 2354 laboris
829 2293 1029 2368 exhausimus,
1051 2298 1109 2352 ut6

79 2376 300 2437 ostenderemus
318 2377 483 2437 rhetoricen
500 2377 575 2436 liene
593 2376 706 2439 dieendi
727 2379 876 2437 scientiam
892 2387 922 2437 et
936 2377 1036 2436 utilem
1052 2385 1081 2435 et

78 2470 170 2522 artem
186 2469 216 2521 et
229 2461 363 2521 virtutem
380 2479 462 2528 esse;
481 2463 628 2521 materiam
644 2464 706 2522 eius
727 2480 776 2521 res
791 2479 906 2536 omues,
923 2460 960 2519 de
977 2460 1080 2538 quihus

76 2545 231 2606 dicendum
247 2553 349 2612 esset:
359 2563 409 2604 eas
424 2548 452 2604 in
464 2544 553 2604 tribus
570 2544 633 2604 iere
649 2545 822 2621 generibus,
841 2544 1078 2618 demonstrativo,

78 2628 288 2703 deliberativo,
307 2628 492 2708 iudicialique
514 2629 654 2706 reperiri;
679 2630 838 2687 orationem
859 2643 948 2705 perro
967 2642 1079 2684 emnem

79 2721 215 2772 constare
237 2712 324 2772 rebus
346 2721 375 2771 et
400 2712 511 2779 verbim
536 2713 564 2770 in
583 2710 671 2770 rebus
692 2712 854 2770 intuendam
874 2709 1078 2784 inventionem,

75 2798 105 2855 in
120 2795 218 2855 verbis
239 2795 449 2871 elocutionem,
471 2796 500 2854 in
520 2804 641 2873 utraque
661 2794 899 2869 collocationem,
924 2811 999 2871 quae
1020 2812 1078 2852 me·

75 2881 168 2939 moria
183 2879 433 2959 conplecteretur,
450 2880 526 2939 actio
538 2877 759 2938 commendaret.
792 2876 1103 2954 Oratoris'eliieium,'l

77 2962 218 3039 docendi,
241 2963 389 3039 movendi,
413 2961 575 3022 delectandi
594 2961 721 3039 partibus
744 2962 899 3036 contineri,
922 2961 1078 3039 exquibus

74 3046 114 3106 ad
150 3045 309 3107 doeendum
339 3048 483 3125 expositio
520 3053 549 3104 et
578 3047 801 3121 argumentatio,
839 3046 873 3105 ad
908 3045 1078 3104 movendum

73 3130 201 3191 affectus
226 3131 400 3209 pertineret,
430 3146 503 3208 quos
531 3146 586 3206 per
611 3146 722 3187 emnem
749 3130 863 3208 quidem
887 3147 1002 3188 causam
1026 3127 1078 3188 sed

75 3215 202 3274 maxime
223 3223 251 3274 ta
281 3232 317 3273 en
337 3215 366 3272 iu
386 3214 518 3290 ingressu
542 3229 577 3272 ae
599 3211 656 3272 fine
678 3213 825 3272 dominari.
862 3211 934 3272 Nam
949 3211 1077 3271 delecta·

75 3299 201 3373 tionem,
219 3232 347 3376 qudmvis
365 3298 393 3355 in
408 3306 531 3374 utroque
546 3297 583 3355 sit
598 3311 712 3370 eorum,
728 3298 818 3373 magis
834 3307 929 3356 tamen
945 3294 1078 3372 proprias

77 3383 107 3441 in
123 3381 289 3442 elocutione
305 3389 403 3460 partes
416 3380 534 3441 hahere.
567 3377 759 3452 Quaestiones
774 3380 844 3439 alias
856 3378 988 3453 infinitas,
1006 3376 1105 3440 alias8

78 3464 192 3542 duitas,
212 3482 286 3544 quae
303 3465 453 3545 persenis,
477 3462 567 3539 locis,
591 3462 769 3542 temporibus
785 3464 1010 3521 continerentur.
1046 3460 1079 3519 ln
