2408 3854
108 196 146 258 12
424 203 785 268 u.sna.ou1us1n1nu1

106 372 261 444 quaesunt
277 365 440 441 praesentis
458 365 616 441 temporis,
638 364 663 422 si
679 379 736 421 non
751 364 944 440 argumentis,
963 382 1038 442 quae
1059 384 1109 425 ne·

105 467 191 509 cesse
207 456 252 506 est
267 449 485 525 praecessisse,
509 446 560 505 sed
577 446 670 505 oculis
687 445 931 524 deprehendenda
948 457 1029 524 sunt,
1051 467 1109 508 non

104 542 192 610 egent
208 532 392 593 coniectura:
419 539 450 589 ut
465 532 490 588 si
512 528 588 607 apud
603 528 849 589 Lacedaemonios
867 540 1038 608 quaeratur,
1060 531 1109 594 An

74 686 77 693 ¹
102 614 229 679 Albanis
246 617 327 676 muri
340 616 438 693 flunt?
482 613 541 674 Sed
558 621 586 672 et
600 612 687 689 illud,
711 613 788 693 quod
803 623 901 692 potest
917 615 1008 674 videri
1025 625 1109 676 extra

103 700 176 760 baec
201 700 342 778 positum,
371 699 556 758 coniecturae
581 714 691 773 genus,
728 715 791 756 cum
814 698 850 756 de
874 698 971 775 aliquo
992 699 1109 759 homine

103 786 264 862 quaeritur,
284 782 340 856 Qui
354 783 405 850 sit;
422 791 453 841 ut
468 790 512 840 est
529 781 689 857 quaesitum
705 790 805 840 contra
816 779 954 841 Urbiniae
969 783 1108 860 herodes,

102 866 153 944 st,
172 870 224 946 qui
236 876 382 944 tunquam
392 866 474 944 filius
486 865 610 944 petebat
620 865 716 939 bonu,
733 863 859 944 Fipulus
874 873 952 926 esset
968 885 1009 928 on
1021 866 1108 929 Sosi-

74 959 90 1011 5
99 960 198 1031 poter.
222 949 294 1010 Nam
308 960 337 1010 et
352 949 511 1009 substantia
524 949 585 1007 eius
602 947 655 1006 sub
668 947 771 1007 oculos
783 950 878 1024 venit,
895 958 925 1008 ut
941 966 997 1008 non
1013 953 1110 1029 possit

103 1037 219 1114 quaeri,
246 1033 291 1094 An
312 1036 365 1110 sit,
387 1033 532 1112 quomodo
551 1031 596 1090 An
618 1031 693 1091 ultra
713 1049 868 1100 oceanum;
892 1050 948 1092 neo
971 1033 1047 1107 Quid
1072 1037 1110 1096 sit

103 1138 158 1179 neo
172 1119 265 1193 Quale
282 1120 334 1193 sit,
354 1119 407 1177 sed
423 1117 479 1191 Qui
496 1112 553 1175 sit?
595 1114 704 1175 Verum
721 1115 778 1175 hoo
795 1134 912 1196 quoque
934 1135 1026 1196 genus
1050 1119 1109 1178 litis

104 1221 141 1262 ex
158 1204 316 1281 praeterito
334 1201 458 1280 pendet,
476 1198 525 1260 An
539 1201 588 1261 lic
602 1201 641 1260 sit
658 1219 698 1260 en
712 1199 840 1262 Urbinia
850 1210 942 1262 nolus
952 1200 1110 1263 Clusinius

102 1287 249 1366 Fiqulus?
276 1285 404 1346 Fuerunt
419 1293 513 1345 autem
529 1283 603 1342 tales
618 1285 726 1343 nostris
743 1286 828 1344 etiam
844 1284 1022 1363 temporibus
1039 1303 1109 1346 oon·

104 1371 284 1445 troversiac,
309 1379 397 1447 atque
413 1368 528 1447 aliquae
543 1369 572 1426 in
586 1385 680 1426 meum
696 1385 813 1445 quoque
830 1370 1019 1446 patrocinium
1038 1371 1109 1428 inci·

76 1454 215 1516 oderunt.
250 1452 344 1512 Animi
361 1454 528 1532 coniectura
542 1467 600 1510 non
615 1450 700 1510 dubie
716 1453 744 1510 ln
760 1454 854 1512 omnia
869 1461 1000 1530 tempora
1020 1453 1109 1529 cadit,

104 1535 173 1609 Ouo
190 1545 288 1599 mente
302 1535 447 1615 liparius
462 1537 495 1595 in
510 1531 623 1613 Africa
635 1537 752 1614 suerii?
775 1533 844 1607 Quo
858 1545 956 1597 mente
970 1534 1112 1616 Pyrrhus

100 1618 212 1700 foedus
223 1623 331 1700 potul?
366 1619 521 1693 Quomodo
535 1621 657 1680 loturus
671 1621 711 1679 sil
724 1616 860 1693 Cnoson,
877 1621 906 1680 si
916 1618 1112 1682 Ptolemaeus

54 1726 57 1731 ·
104 1703 277 1784 Pompeium
291 1705 460 1766 occiderit?

189 1786 344 1859 Quaeritur
362 1806 415 1866 per
436 1787 632 1846 coniecturam
649 1793 677 1843 et
694 1784 861 1862 qualitatem
883 1787 961 1845 circa
981 1787 1108 1864 modum,

103 1872 249 1950 speciem,
267 1889 429 1947 numerum,
444 1867 494 1929 An
512 1871 558 1930 sol
572 1869 671 1944 molor
686 1885 778 1946 quom
796 1871 904 1930 terra?
939 1867 1029 1930 Luna
1043 1873 1109 1949 plo·

37 1992 43 2004 1
76 1956 176 2019 lbosu
191 1972 232 2014 on
246 1956 343 2034 plano
360 1975 401 2016 on
417 1954 532 2017 ocula?
562 1951 648 2013 Unus
664 1953 798 2013 mundus
811 1971 853 2014 cn
866 1954 995 2031 plures?
1023 1953 1110 2014 Item-

103 2056 159 2116 que
183 2047 265 2098 extra
286 2039 431 2099 naturales
452 2038 657 2115 quaestiones,
685 2034 788 2097 Maius
809 2036 920 2097 bellurn
944 2034 1110 2100 Troianum

102 2141 144 2182 un
166 2118 440 2199 Peloponnesium?
485 2117 594 2191 Quqlis
620 2122 737 2198 clipeus
762 2116 909 2180 Actsuts?
955 2118 1003 2181 An
1030 2140 1111 2182 unies

102 2202 274 2264 Hercules?
827 2247 830 2253 ·

188 2285 219 2345 ln
235 2289 269 2345 iis
292 2296 404 2361 autem,
427 2305 503 2365 quae
519 2288 705 2347 accusatione
721 2303 757 2345 ao
774 2287 946 2347 defensione
964 2296 1109 2365 constant,

20 2374 23 2379 ’
103 2387 188 2429 unum
203 2379 248 2428 est
262 2389 371 2447 genus,
394 2371 422 2428 in
439 2386 496 2448 quo
514 2372 663 2448 quaeritur
678 2378 707 2429 et
726 2369 762 2429 de
777 2371 854 2430 iacto
871 2379 900 2429 et
917 2371 952 2431 de
971 2379 1108 2439 auctore:

103 2452 181 2532 quod
209 2456 321 2514 interim
345 2455 524 2514 coniunctam
547 2455 745 2532 quaestionem
767 2453 870 2529 habet,
899 2464 928 2513 et
956 2463 1110 2533 utrumque

103 2538 213 2616 pariter
228 2547 364 2615 negatum
386 2539 498 2597 interim
510 2548 688 2617 separatam,
710 2556 774 2597 cum
786 2547 815 2598 et
830 2539 936 2597 iactum
950 2538 987 2597 sit
1002 2556 1108 2612 neone,

78 2630 135 2685 8et
156 2623 181 2680 si
202 2620 238 2681 de
260 2622 338 2682 iacto
358 2631 488 2698 constet,
508 2640 524 2682 a
541 2639 597 2700 quo
616 2622 722 2682 lactum
734 2623 786 2697 sit,
804 2620 965 2698 ambigitur.
1010 2620 1107 2698 Ipsum

104 2722 221 2783 quoque
241 2706 347 2765 iactum
369 2705 522 2784 aliquando
539 2706 699 2784 simplicem
722 2708 921 2783 quaestionem
936 2704 1039 2779 habet,
1063 2703 1124 2776 An·

103 2788 189 2848 bomo
215 2789 351 2866 perierit3
388 2789 541 2867 aliquando
570 2789 730 2867 duplicem,
759 2789 880 2849 Veneno
903 2807 938 2848 an
966 2786 1109 2847 cruditate

103 2873 233 2950 perierit.
278 2872 410 2932 Alterum
433 2882 477 2933 est
497 2891 589 2950 genus
612 2874 647 2932 de
671 2874 748 2933 iacto
770 2883 894 2947 tantum,
918 2889 1000 2947 cum,
1031 2872 1056 2930 si
1081 2870 1109 2930 id

105 2965 214 3014 certum
234 2957 287 3031 sit,
310 2973 367 3015 non
391 2966 488 3034 potest
508 2958 544 3017 de
570 2967 689 3016 auctore
711 2956 848 3023 dubitari;
867 2958 981 3016 tertium
1006 2956 1042 3014 de
1058 2973 1108 3014 au·

104 3047 187 3098 otone
208 3047 331 3114 tantuna,
354 3058 416 3100 cunr
438 3041 544 3101 iactum
565 3050 693 3116 constat,
716 3041 785 3113 sed,
811 3058 826 3099 a
849 3057 906 3117 quo
928 3041 967 3097 sit
989 3039 1107 3112 lactum,

79 3124 131 3187 oin
155 3126 383 3183 controversiam
402 3127 490 3184 venit.
541 3125 578 3184 Et
604 3125 677 3200 hoc,
709 3123 786 3202 quod
811 3125 896 3183 tertio
919 3123 987 3182 loco
1009 3123 1107 3200 posui,
1150 3159 1153 3164 -

105 3224 162 3265 non
181 3215 226 3266 est
242 3208 375 3286 simplex.
415 3208 473 3267 Aut
489 3211 563 3268 enim
584 3226 651 3267 reus
668 3209 777 3267 iecisse
797 3206 989 3266 tantummodo
1006 3224 1039 3265 se
1056 3223 1107 3265 ne·

106 3300 156 3367 gat
171 3300 219 3350 aut
234 3291 319 3350 alium
335 3292 442 3351 fecisse
455 3293 534 3351 dicit.
574 3291 633 3351 Sed
648 3309 684 3350 ne
705 3293 733 3348 in
748 3291 868 3350 alterum
883 3291 998 3369 quidem
1014 3298 1108 3349 trans·

107 3373 219 3434 ferendi
241 3377 365 3434 oriminis
386 3393 449 3438 una
463 3375 554 3434 forma
577 3383 630 3433 est.
668 3373 812 3433 Interdum
830 3376 905 3433 enim
926 3371 1109 3452 substituitur

106 3467 201 3516 mutua
230 3460 394 3535 accusatio,
421 3475 505 3536 quam
529 3457 633 3518 Graeci
648 3450 892 3535 ἆντικατηγορίαν
911 3464 1032 3531 vocant,
1056 3452 1109 3516 no·
