<?xml version="1.0" encoding="UTF-8"?>
<!DOCTYPE html PUBLIC "-//W3C//DTD XHTML 1.0 Transitional//EN"
    "http://www.w3.org/TR/xhtml1/DTD/xhtml1-transitional.dtd">
<html xmlns="http://www.w3.org/1999/xhtml" xml:lang="en" lang="en">
 <head>
  <title>
</title>
<meta http-equiv="Content-Type" content="text/html;charset=utf-8" />
  <meta name='ocr-system' content='tesseract 3.04.00' />
  <meta name='ocr-capabilities' content='ocr_page ocr_carea ocr_par ocr_line ocrx_word'/>
</head>
<body>
  <div class='ocr_page' id='page_1' title='image "./mfabiiquintilia08quingoog_0292.png"; bbox 0 0 2408 3854; ppageno 0'>
   <div class='ocr_carea' id='block_1_1' title="bbox 893 76 923 134">
    <p class='ocr_par' dir='ltr' id='par_1_1' title="bbox 893 76 923 134">
     <span class='ocr_line' id='line_1_1' title="bbox 893 76 923 107; baseline 0 0"><span class='ocrx_word' id='word_1_1' title='bbox 893 76 923 107; x_wconf 52' lang='grc' dir='ltr'><strong>’ἢ</strong></span> 
     </span>
     <span class='ocr_line' id='line_1_2' title="bbox 896 115 913 134; baseline 0 0"><span class='ocrx_word' id='word_1_2' title='bbox 896 115 913 134; x_wconf 63' lang='lat' dir='ltr'><strong>»c</strong></span> 
     </span>
    </p>
   </div>
   <div class='ocr_carea' id='block_1_2' title="bbox 343 174 1081 253">
    <p class='ocr_par' dir='ltr' id='par_1_2' title="bbox 343 174 1081 253">
     <span class='ocr_line' id='line_1_3' title="bbox 343 174 1081 253; baseline 0.003 -20"><span class='ocrx_word' id='word_1_3' title='bbox 343 186 433 234; x_wconf 81' lang='lat' dir='ltr'><strong>uuor.</strong></span> <span class='ocrx_word' id='word_1_4' title='bbox 455 185 606 234; x_wconf 70' lang='lat' dir='ltr'><strong>culros.</strong></span> <span class='ocrx_word' id='word_1_5' title='bbox 628 187 842 253; x_wconf 80' lang='lat' dir='ltr'><strong>nro.x11,1o.</strong></span> <span class='ocrx_word' id='word_1_6' title='bbox 1019 174 1081 237; x_wconf 81' lang='lat'><strong>267</strong></span> 
     </span>
    </p>
   </div>
   <div class='ocr_carea' id='block_1_3' title="bbox 73 340 1187 3532">
    <p class='ocr_par' dir='ltr' id='par_1_3' title="bbox 73 340 1187 3532">
     <span class='ocr_line' id='line_1_4' title="bbox 75 340 1081 421; baseline 0.001 -19"><span class='ocrx_word' id='word_1_7' title='bbox 75 341 178 421; x_wconf 90' lang='lat' dir='ltr'><strong>quibus</strong></span> <span class='ocrx_word' id='word_1_8' title='bbox 202 341 298 402; x_wconf 90' lang='lat' dir='ltr'><strong>nullae</strong></span> <span class='ocrx_word' id='word_1_9' title='bbox 316 340 392 419; x_wconf 94' lang='lat' dir='ltr'><strong>apud</strong></span> <span class='ocrx_word' id='word_1_10' title='bbox 409 359 462 401; x_wconf 87' lang='lat' dir='ltr'><strong>eos</strong></span> <span class='ocrx_word' id='word_1_11' title='bbox 485 341 597 402; x_wconf 91' lang='lat' dir='ltr'><strong>dulcius</strong></span> <span class='ocrx_word' id='word_1_12' title='bbox 619 342 745 420; x_wconf 91' lang='lat' dir='ltr'><strong>spirant;</strong></span> <span class='ocrx_word' id='word_1_13' title='bbox 767 360 839 421; x_wconf 91' lang='lat' dir='ltr'><strong>quas</strong></span> <span class='ocrx_word' id='word_1_14' title='bbox 860 343 982 403; x_wconf 88' lang='lat' dir='ltr'><strong>mutuari</strong></span> <span class='ocrx_word' id='word_1_15' title='bbox 1003 342 1081 403; x_wconf 89' lang='lat' dir='ltr'><strong>sole·</strong></span> 
     </span>
     <span class='ocr_line' id='line_1_5' title="bbox 74 424 1124 505; baseline 0.001 -19"><span class='ocrx_word' id='word_1_16' title='bbox 74 446 153 503; x_wconf 86' lang='lat' dir='ltr'><strong>mus,</strong></span> <span class='ocrx_word' id='word_1_17' title='bbox 177 427 310 505; x_wconf 88' lang='lat' dir='ltr'><strong>quotiens</strong></span> <span class='ocrx_word' id='word_1_18' title='bbox 335 425 450 484; x_wconf 91' lang='lat' dir='ltr'><strong>illorum</strong></span> <span class='ocrx_word' id='word_1_19' title='bbox 466 424 626 486; x_wconf 91' lang='lat' dir='ltr'><strong>nominibus</strong></span> <span class='ocrx_word' id='word_1_20' title='bbox 642 427 755 486; x_wconf 89' lang='lat' dir='ltr'><strong>utimur.</strong></span> <span class='ocrx_word' id='word_1_21' title='bbox 788 424 873 498; x_wconf 81' lang='lat' dir='ltr'><strong>Quod</strong></span> <span class='ocrx_word' id='word_1_22' title='bbox 890 445 955 486; x_wconf 90' lang='lat' dir='ltr'><strong>com</strong></span> <span class='ocrx_word' id='word_1_23' title='bbox 971 428 1124 494; x_wconf 68' lang='lat' dir='ltr'><strong>contio-as</strong></span> 
     </span>
     <span class='ocr_line' id='line_1_6' title="bbox 74 508 1082 589; baseline -0.001 -19"><span class='ocrx_word' id='word_1_24' title='bbox 74 514 132 589; x_wconf 79' lang='lat' dir='ltr'><strong>git:</strong></span> <span class='ocrx_word' id='word_1_25' title='bbox 154 512 256 571; x_wconf 89' lang='lat' dir='ltr'><strong>nescio</strong></span> <span class='ocrx_word' id='word_1_26' title='bbox 279 508 425 588; x_wconf 94' lang='lat' dir='ltr'><strong>quomodo</strong></span> <span class='ocrx_word' id='word_1_27' title='bbox 446 509 566 570; x_wconf 81' lang='lat' dir='ltr'><strong>hilarior</strong></span> <span class='ocrx_word' id='word_1_28' title='bbox 589 511 720 588; x_wconf 91' lang='lat' dir='ltr'><strong>protinus</strong></span> <span class='ocrx_word' id='word_1_29' title='bbox 739 509 853 569; x_wconf 80' lang='lat' dir='ltr'><strong>renidet</strong></span> <span class='ocrx_word' id='word_1_30' title='bbox 873 512 984 586; x_wconf 88' lang='lat' dir='ltr'><strong>oratio,</strong></span> <span class='ocrx_word' id='word_1_31' title='bbox 1008 512 1082 571; x_wconf 93' lang='lat' dir='ltr'><strong>utin</strong></span> 
     </span>
     <span class='ocr_line' id='line_1_7' title="bbox 73 590 1080 674; baseline -0.002 -18"><span class='ocrx_word' id='word_1_32' title='bbox 73 596 214 674; x_wconf 66' lang='lat' dir='ltr'><strong>Ephyres</strong></span> <span class='ocrx_word' id='word_1_33' title='bbox 241 603 270 653; x_wconf 89' lang='lat' dir='ltr'><strong>et</strong></span> <span class='ocrx_word' id='word_1_34' title='bbox 292 590 452 673; x_wconf 67' lang='lat' dir='ltr'><strong>Zephyris.</strong></span> <span class='ocrx_word' id='word_1_35' title='bbox 491 592 573 666; x_wconf 81' lang='lat' dir='ltr'><strong>Quae</strong></span> <span class='ocrx_word' id='word_1_36' title='bbox 600 595 625 652; x_wconf 91' lang='lat' dir='ltr'><strong>si</strong></span> <span class='ocrx_word' id='word_1_37' title='bbox 647 595 755 655; x_wconf 87' lang='lat' dir='ltr'><strong>nostris</strong></span> <span class='ocrx_word' id='word_1_38' title='bbox 780 594 884 654; x_wconf 88' lang='lat' dir='ltr'><strong>litteris</strong></span> <span class='ocrx_word' id='word_1_39' title='bbox 901 594 1080 656; x_wconf 77' lang='lat' dir='ltr'><strong>scribantur:</strong></span> 
     </span>
     <span class='ocr_line' id='line_1_8' title="bbox 75 676 1082 756; baseline 0 -19"><span class='ocrx_word' id='word_1_40' title='bbox 75 678 192 738; x_wconf 91' lang='lat' dir='ltr'><strong>surdum</strong></span> <span class='ocrx_word' id='word_1_41' title='bbox 220 677 354 756; x_wconf 85' lang='lat' dir='ltr'><strong>quiddam</strong></span> <span class='ocrx_word' id='word_1_42' title='bbox 378 685 407 736; x_wconf 92' lang='lat' dir='ltr'><strong>et</strong></span> <span class='ocrx_word' id='word_1_43' title='bbox 429 676 582 737; x_wconf 90' lang='lat' dir='ltr'><strong>barbarum</strong></span> <span class='ocrx_word' id='word_1_44' title='bbox 608 678 753 754; x_wconf 84' lang='lat' dir='ltr'><strong>efficient,</strong></span> <span class='ocrx_word' id='word_1_45' title='bbox 782 687 812 737; x_wconf 92' lang='lat' dir='ltr'><strong>et</strong></span> <span class='ocrx_word' id='word_1_46' title='bbox 833 679 915 739; x_wconf 91' lang='lat' dir='ltr'><strong>velut</strong></span> <span class='ocrx_word' id='word_1_47' title='bbox 936 680 965 738; x_wconf 93' lang='lat' dir='ltr'><strong>in</strong></span> <span class='ocrx_word' id='word_1_48' title='bbox 986 678 1082 739; x_wconf 94' lang='lat' dir='ltr'><strong>locum</strong></span> 
     </span>
     <span class='ocr_line' id='line_1_9' title="bbox 75 761 1080 840; baseline -0.003 -19"><span class='ocrx_word' id='word_1_49' title='bbox 75 781 174 823; x_wconf 90' lang='lat' dir='ltr'><strong>earum</strong></span> <span class='ocrx_word' id='word_1_50' title='bbox 189 761 351 821; x_wconf 89' lang='lat' dir='ltr'><strong>succedent</strong></span> <span class='ocrx_word' id='word_1_51' title='bbox 372 761 472 820; x_wconf 79' lang='lat' dir='ltr'><strong>tristes</strong></span> <span class='ocrx_word' id='word_1_52' title='bbox 495 769 524 821; x_wconf 92' lang='lat' dir='ltr'><strong>et</strong></span> <span class='ocrx_word' id='word_1_53' title='bbox 545 761 700 837; x_wconf 85' lang='lat' dir='ltr'><strong>horridae,</strong></span> <span class='ocrx_word' id='word_1_54' title='bbox 727 761 832 840; x_wconf 89' lang='lat' dir='ltr'><strong>quibus</strong></span> <span class='ocrx_word' id='word_1_55' title='bbox 851 761 973 823; x_wconf 83' lang='lat' dir='ltr'><strong>Graecia</strong></span> <span class='ocrx_word' id='word_1_56' title='bbox 990 771 1080 824; x_wconf 87' lang='lat' dir='ltr'><strong>caret.</strong></span> 
     </span>
     <span class='ocr_line' id='line_1_10' title="bbox 74 846 1123 924; baseline 0 -18"><span class='ocrx_word' id='word_1_57' title='bbox 74 846 147 906; x_wconf 90' lang='lat' dir='ltr'><strong>Nam</strong></span> <span class='ocrx_word' id='word_1_58' title='bbox 165 855 194 906; x_wconf 92' lang='lat' dir='ltr'><strong>et</strong></span> <span class='ocrx_word' id='word_1_59' title='bbox 209 846 276 922; x_wconf 91' lang='lat' dir='ltr'><strong>illa,</strong></span> <span class='ocrx_word' id='word_1_60' title='bbox 299 862 374 924; x_wconf 91' lang='lat' dir='ltr'><strong>quae</strong></span> <span class='ocrx_word' id='word_1_61' title='bbox 399 855 445 905; x_wconf 88' lang='lat' dir='ltr'><strong>est</strong></span> <span class='ocrx_word' id='word_1_62' title='bbox 467 854 551 905; x_wconf 85' lang='lat' dir='ltr'><strong>sexta</strong></span> <span class='ocrx_word' id='word_1_63' title='bbox 572 854 751 921; x_wconf 85' lang='lat' dir='ltr'><strong>nostrarum,</strong></span> <span class='ocrx_word' id='word_1_64' title='bbox 776 865 870 924; x_wconf 90' lang='lat' dir='ltr'><strong>paene</strong></span> <span class='ocrx_word' id='word_1_65' title='bbox 888 864 946 906; x_wconf 91' lang='lat' dir='ltr'><strong>non</strong></span> <span class='ocrx_word' id='word_1_66' title='bbox 960 846 1123 917; x_wconf 75' lang='lat' dir='ltr'><strong>humanaoo</strong></span> 
     </span>
     <span class='ocr_line' id='line_1_11' title="bbox 74 929 1082 1006; baseline 0.002 -18"><span class='ocrx_word' id='word_1_67' title='bbox 74 947 151 989; x_wconf 88' lang='lat' dir='ltr'><strong>voce</strong></span> <span class='ocrx_word' id='word_1_68' title='bbox 172 929 221 990; x_wconf 84' lang='lat' dir='ltr'><strong>vel</strong></span> <span class='ocrx_word' id='word_1_69' title='bbox 243 930 358 989; x_wconf 91' lang='lat' dir='ltr'><strong>omniuo</strong></span> <span class='ocrx_word' id='word_1_70' title='bbox 381 947 438 988; x_wconf 91' lang='lat' dir='ltr'><strong>nou</strong></span> <span class='ocrx_word' id='word_1_71' title='bbox 461 946 538 989; x_wconf 86' lang='lat' dir='ltr'><strong>voca</strong></span> <span class='ocrx_word' id='word_1_72' title='bbox 559 931 656 1006; x_wconf 91' lang='lat' dir='ltr'><strong>potius</strong></span> <span class='ocrx_word' id='word_1_73' title='bbox 678 931 753 989; x_wconf 91' lang='lat' dir='ltr'><strong>inter</strong></span> <span class='ocrx_word' id='word_1_74' title='bbox 777 929 939 990; x_wconf 88' lang='lat' dir='ltr'><strong>discrimina</strong></span> <span class='ocrx_word' id='word_1_75' title='bbox 956 931 1082 991; x_wconf 90' lang='lat' dir='ltr'><strong>dentium</strong></span> 
     </span>
     <span class='ocr_line' id='line_1_12' title="bbox 75 1012 1082 1094; baseline 0.001 -21"><span class='ocrx_word' id='word_1_76' title='bbox 75 1013 200 1073; x_wconf 85' lang='lat' dir='ltr'><strong>efflanda</strong></span> <span class='ocrx_word' id='word_1_77' title='bbox 214 1022 273 1082; x_wconf 88' lang='lat' dir='ltr'><strong>est;</strong></span> <span class='ocrx_word' id='word_1_78' title='bbox 291 1031 377 1092; x_wconf 86' lang='lat' dir='ltr'><strong>quae,</strong></span> <span class='ocrx_word' id='word_1_79' title='bbox 394 1015 480 1074; x_wconf 92' lang='lat' dir='ltr'><strong>etiam</strong></span> <span class='ocrx_word' id='word_1_80' title='bbox 492 1032 556 1073; x_wconf 91' lang='lat' dir='ltr'><strong>cum</strong></span> <span class='ocrx_word' id='word_1_81' title='bbox 567 1012 701 1073; x_wconf 88' lang='lat' dir='ltr'><strong>vocalem</strong></span> <span class='ocrx_word' id='word_1_82' title='bbox 713 1015 843 1091; x_wconf 85' lang='lat' dir='ltr'><strong>proxima</strong></span> <span class='ocrx_word' id='word_1_83' title='bbox 858 1016 963 1093; x_wconf 90' lang='lat' dir='ltr'><strong>accipit</strong></span> <span class='ocrx_word' id='word_1_84' title='bbox 975 1032 1082 1094; x_wconf 90' lang='lat' dir='ltr'><strong>quassa</strong></span> 
     </span>
     <span class='ocr_line' id='line_1_13' title="bbox 75 1097 1081 1178; baseline -0.001 -20"><span class='ocrx_word' id='word_1_85' title='bbox 75 1097 304 1178; x_wconf 85' lang='lat' dir='ltr'><strong>quodammodo,</strong></span> <span class='ocrx_word' id='word_1_86' title='bbox 330 1099 430 1176; x_wconf 92' lang='lat' dir='ltr'><strong>utique</strong></span> <span class='ocrx_word' id='word_1_87' title='bbox 446 1098 581 1177; x_wconf 90' lang='lat' dir='ltr'><strong>quotiens</strong></span> <span class='ocrx_word' id='word_1_88' title='bbox 597 1097 722 1176; x_wconf 85' lang='lat' dir='ltr'><strong>aliquam</strong></span> <span class='ocrx_word' id='word_1_89' title='bbox 741 1107 948 1158; x_wconf 86' lang='lat' dir='ltr'><strong>consonantem</strong></span> <span class='ocrx_word' id='word_1_90' title='bbox 963 1098 1081 1176; x_wconf 78' lang='lat' dir='ltr'><strong>frangit,</strong></span> 
     </span>
     <span class='ocr_line' id='line_1_14' title="bbox 74 1181 1081 1260; baseline -0.001 -19"><span class='ocrx_word' id='word_1_91' title='bbox 74 1191 105 1241; x_wconf 88' lang='lat' dir='ltr'><strong>ut</strong></span> <span class='ocrx_word' id='word_1_92' title='bbox 121 1184 148 1241; x_wconf 91' lang='lat' dir='ltr'><strong>io</strong></span> <span class='ocrx_word' id='word_1_93' title='bbox 163 1182 221 1242; x_wconf 90' lang='lat' dir='ltr'><strong>boc</strong></span> <span class='ocrx_word' id='word_1_94' title='bbox 238 1183 303 1260; x_wconf 94' lang='lat' dir='ltr'><strong>ipso</strong></span> <span class='ocrx_word' id='word_1_95' title='bbox 317 1182 452 1260; x_wconf 62' lang='lat' dir='ltr'><strong>fauraqa,</strong></span> <span class='ocrx_word' id='word_1_96' title='bbox 467 1181 556 1242; x_wconf 88' lang='lat' dir='ltr'><strong>multo</strong></span> <span class='ocrx_word' id='word_1_97' title='bbox 572 1181 603 1241; x_wconf 87' lang='lat' dir='ltr'><strong>iit</strong></span> <span class='ocrx_word' id='word_1_98' title='bbox 618 1181 772 1245; x_wconf 89' lang='lat' dir='ltr'><strong>horridior.</strong></span> <span class='ocrx_word' id='word_1_99' title='bbox 805 1181 948 1242; x_wconf 82' lang='lat' dir='ltr'><strong>Aeolicae</strong></span> <span class='ocrx_word' id='word_1_100' title='bbox 964 1195 1081 1260; x_wconf 82' lang='lat' dir='ltr'><strong>quoque</strong></span> 
     </span>
     <span class='ocr_line' id='line_1_15' title="bbox 75 1265 1087 1346; baseline 0.001 -20"><span class='ocrx_word' id='word_1_101' title='bbox 75 1267 207 1342; x_wconf 83' lang='lat' dir='ltr'><strong>litterae,</strong></span> <span class='ocrx_word' id='word_1_102' title='bbox 230 1284 286 1344; x_wconf 90' lang='lat' dir='ltr'><strong>qua</strong></span> <span class='ocrx_word' id='word_1_103' title='bbox 307 1284 431 1327; x_wconf 69' lang='lat' dir='ltr'><strong>amcam</strong></span> <span class='ocrx_word' id='word_1_104' title='bbox 452 1283 635 1346; x_wconf 82' lang='lat' dir='ltr'><strong>cervumque</strong></span> <span class='ocrx_word' id='word_1_105' title='bbox 657 1266 795 1342; x_wconf 82' lang='lat' dir='ltr'><strong>dicimus,</strong></span> <span class='ocrx_word' id='word_1_106' title='bbox 819 1266 931 1326; x_wconf 90' lang='lat' dir='ltr'><strong>etiamsi</strong></span> <span class='ocrx_word' id='word_1_107' title='bbox 950 1265 1043 1327; x_wconf 83' lang='lat' dir='ltr'><strong>forma</strong></span> <span class='ocrx_word' id='word_1_108' title='bbox 1065 1283 1087 1328; x_wconf 86' lang='lat' dir='ltr'><strong>a</strong></span> 
     </span>
     <span class='ocr_line' id='line_1_16' title="bbox 75 1349 1124 1429; baseline -0.001 -20"><span class='ocrx_word' id='word_1_109' title='bbox 75 1350 159 1409; x_wconf 91' lang='lat' dir='ltr'><strong>nobis</strong></span> <span class='ocrx_word' id='word_1_110' title='bbox 177 1350 327 1428; x_wconf 87' lang='lat' dir='ltr'><strong>repudiata</strong></span> <span class='ocrx_word' id='word_1_111' title='bbox 345 1359 407 1426; x_wconf 83' lang='lat' dir='ltr'><strong>est,</strong></span> <span class='ocrx_word' id='word_1_112' title='bbox 431 1351 588 1411; x_wconf 73' lang='lat' dir='ltr'><strong>vocamen</strong></span> <span class='ocrx_word' id='word_1_113' title='bbox 604 1368 658 1410; x_wconf 91' lang='lat' dir='ltr'><strong>nos</strong></span> <span class='ocrx_word' id='word_1_114' title='bbox 673 1352 738 1429; x_wconf 88' lang='lat' dir='ltr'><strong>ipsa</strong></span> <span class='ocrx_word' id='word_1_115' title='bbox 755 1350 952 1429; x_wconf 84' lang='lat' dir='ltr'><strong>persequitur.</strong></span> <span class='ocrx_word' id='word_1_116' title='bbox 986 1349 1124 1418; x_wconf 74' lang='lat' dir='ltr'><strong>Durasso</strong></span> 
     </span>
     <span class='ocr_line' id='line_1_17' title="bbox 76 1432 1081 1513; baseline 0 -20"><span class='ocrx_word' id='word_1_117' title='bbox 76 1442 106 1493; x_wconf 90' lang='lat' dir='ltr'><strong>et</strong></span> <span class='ocrx_word' id='word_1_118' title='bbox 120 1434 171 1494; x_wconf 90' lang='lat' dir='ltr'><strong>illa</strong></span> <span class='ocrx_word' id='word_1_119' title='bbox 185 1432 314 1509; x_wconf 74' lang='lat' dir='ltr'><strong>syllabas</strong></span> <span class='ocrx_word' id='word_1_120' title='bbox 328 1433 413 1510; x_wconf 82' lang='lat' dir='ltr'><strong>iacit,</strong></span> <span class='ocrx_word' id='word_1_121' title='bbox 432 1452 507 1513; x_wconf 88' lang='lat' dir='ltr'><strong>quae</strong></span> <span class='ocrx_word' id='word_1_122' title='bbox 522 1434 558 1496; x_wconf 92' lang='lat' dir='ltr'><strong>ad</strong></span> <span class='ocrx_word' id='word_1_123' title='bbox 574 1434 790 1512; x_wconf 78' lang='lat' dir='ltr'><strong>coniungendas</strong></span> <span class='ocrx_word' id='word_1_124' title='bbox 806 1434 918 1495; x_wconf 89' lang='lat' dir='ltr'><strong>demum</strong></span> <span class='ocrx_word' id='word_1_125' title='bbox 934 1434 1081 1494; x_wconf 90' lang='lat' dir='ltr'><strong>subiectas</strong></span> 
     </span>
     <span class='ocr_line' id='line_1_18' title="bbox 75 1517 1083 1598; baseline 0 -22"><span class='ocrx_word' id='word_1_126' title='bbox 75 1517 131 1578; x_wconf 92' lang='lat' dir='ltr'><strong>sibi</strong></span> <span class='ocrx_word' id='word_1_127' title='bbox 152 1517 273 1578; x_wconf 85' lang='lat' dir='ltr'><strong>vocales</strong></span> <span class='ocrx_word' id='word_1_128' title='bbox 298 1526 344 1578; x_wconf 89' lang='lat' dir='ltr'><strong>est</strong></span> <span class='ocrx_word' id='word_1_129' title='bbox 368 1519 463 1596; x_wconf 91' lang='lat' dir='ltr'><strong>utilis,</strong></span> <span class='ocrx_word' id='word_1_130' title='bbox 487 1519 558 1580; x_wconf 89' lang='lat' dir='ltr'><strong>alias</strong></span> <span class='ocrx_word' id='word_1_131' title='bbox 584 1536 784 1598; x_wconf 81' lang='lat' dir='ltr'><strong>supervacua,</strong></span> <span class='ocrx_word' id='word_1_132' title='bbox 805 1528 837 1578; x_wconf 89' lang='lat' dir='ltr'><strong>ut</strong></span> <span class='ocrx_word' id='word_1_133' title='bbox 862 1535 954 1598; x_wconf 82' lang='lat' dir='ltr'><strong>equos</strong></span> <span class='ocrx_word' id='word_1_134' title='bbox 975 1518 1031 1580; x_wconf 92' lang='lat' dir='ltr'><strong>hac</strong></span> <span class='ocrx_word' id='word_1_135' title='bbox 1053 1526 1083 1577; x_wconf 90' lang='lat' dir='ltr'><strong>et</strong></span> 
     </span>
     <span class='ocr_line' id='line_1_19' title="bbox 75 1600 1082 1682; baseline -0.003 -19"><span class='ocrx_word' id='word_1_136' title='bbox 75 1619 186 1682; x_wconf 81' lang='lat' dir='ltr'><strong>aquom</strong></span> <span class='ocrx_word' id='word_1_137' title='bbox 200 1600 368 1671; x_wconf 88' lang='lat' dir='ltr'><strong>scribimus;</strong></span> <span class='ocrx_word' id='word_1_138' title='bbox 386 1620 450 1663; x_wconf 92' lang='lat' dir='ltr'><strong>cum</strong></span> <span class='ocrx_word' id='word_1_139' title='bbox 467 1605 554 1663; x_wconf 89' lang='lat' dir='ltr'><strong>etiam</strong></span> <span class='ocrx_word' id='word_1_140' title='bbox 565 1604 648 1681; x_wconf 90' lang='lat' dir='ltr'><strong>ipsae</strong></span> <span class='ocrx_word' id='word_1_141' title='bbox 662 1602 718 1663; x_wconf 90' lang='lat' dir='ltr'><strong>hae</strong></span> <span class='ocrx_word' id='word_1_142' title='bbox 730 1603 852 1664; x_wconf 89' lang='lat' dir='ltr'><strong>vocales</strong></span> <span class='ocrx_word' id='word_1_143' title='bbox 867 1603 941 1663; x_wconf 90' lang='lat' dir='ltr'><strong>duae</strong></span> <span class='ocrx_word' id='word_1_144' title='bbox 954 1603 1082 1663; x_wconf 84' lang='lat' dir='ltr'><strong>efficiant</strong></span> 
     </span>
     <span class='ocr_line' id='line_1_20' title="bbox 75 1685 1081 1766; baseline 0 -20"><span class='ocrx_word' id='word_1_145' title='bbox 75 1705 194 1763; x_wconf 80' lang='lat' dir='ltr'><strong>sonum,</strong></span> <span class='ocrx_word' id='word_1_146' title='bbox 218 1686 312 1765; x_wconf 90' lang='lat' dir='ltr'><strong>qualis</strong></span> <span class='ocrx_word' id='word_1_147' title='bbox 327 1686 404 1766; x_wconf 95' lang='lat' dir='ltr'><strong>apud</strong></span> <span class='ocrx_word' id='word_1_148' title='bbox 420 1685 550 1748; x_wconf 83' lang='lat' dir='ltr'><strong>Graecos</strong></span> <span class='ocrx_word' id='word_1_149' title='bbox 568 1686 663 1746; x_wconf 90' lang='lat' dir='ltr'><strong>nullus</strong></span> <span class='ocrx_word' id='word_1_150' title='bbox 680 1696 741 1762; x_wconf 82' lang='lat' dir='ltr'><strong>est,</strong></span> <span class='ocrx_word' id='word_1_151' title='bbox 764 1687 893 1766; x_wconf 92' lang='lat' dir='ltr'><strong>ideoque</strong></span> <span class='ocrx_word' id='word_1_152' title='bbox 910 1687 1000 1746; x_wconf 86' lang='lat' dir='ltr'><strong>scribi</strong></span> <span class='ocrx_word' id='word_1_153' title='bbox 1015 1685 1081 1746; x_wconf 90' lang='lat' dir='ltr'><strong>illo·</strong></span> 
     </span>
     <span class='ocr_line' id='line_1_21' title="bbox 75 1767 1123 1851; baseline -0.003 -20"><span class='ocrx_word' id='word_1_154' title='bbox 75 1789 138 1831; x_wconf 92' lang='lat' dir='ltr'><strong>rum</strong></span> <span class='ocrx_word' id='word_1_155' title='bbox 152 1772 258 1832; x_wconf 90' lang='lat' dir='ltr'><strong>litteris</strong></span> <span class='ocrx_word' id='word_1_156' title='bbox 274 1788 333 1831; x_wconf 89' lang='lat' dir='ltr'><strong>non</strong></span> <span class='ocrx_word' id='word_1_157' title='bbox 348 1779 457 1851; x_wconf 91' lang='lat' dir='ltr'><strong>potest.</strong></span> <span class='ocrx_word' id='word_1_158' title='bbox 487 1767 583 1844; x_wconf 75' lang='lat' dir='ltr'><strong>Quid?</strong></span> <span class='ocrx_word' id='word_1_159' title='bbox 600 1770 678 1849; x_wconf 94' lang='lat' dir='ltr'><strong>quod</strong></span> <span class='ocrx_word' id='word_1_160' title='bbox 693 1769 835 1850; x_wconf 88' lang='lat' dir='ltr'><strong>pleraque</strong></span> <span class='ocrx_word' id='word_1_161' title='bbox 850 1786 904 1828; x_wconf 91' lang='lat' dir='ltr'><strong>nos</strong></span> <span class='ocrx_word' id='word_1_162' title='bbox 925 1769 977 1830; x_wconf 92' lang='lat' dir='ltr'><strong>illa</strong></span> <span class='ocrx_word' id='word_1_163' title='bbox 998 1769 1082 1848; x_wconf 90' lang='lat' dir='ltr'><strong>quasi</strong></span> <span class='ocrx_word' id='word_1_164' title='bbox 1089 1783 1123 1838; x_wconf 78' lang='lat'><strong>31</strong></span> 
     </span>
     <span class='ocr_line' id='line_1_22' title="bbox 75 1851 1083 1934; baseline -0.002 -19"><span class='ocrx_word' id='word_1_165' title='bbox 75 1856 221 1932; x_wconf 83' lang='lat' dir='ltr'><strong>mugiente</strong></span> <span class='ocrx_word' id='word_1_166' title='bbox 250 1855 347 1916; x_wconf 88' lang='lat' dir='ltr'><strong>littera</strong></span> <span class='ocrx_word' id='word_1_167' title='bbox 371 1854 510 1915; x_wconf 90' lang='lat' dir='ltr'><strong>cludimus</strong></span> <span class='ocrx_word' id='word_1_168' title='bbox 534 1853 578 1931; x_wconf 83' lang='lat' dir='ltr'><strong>M,</strong></span> <span class='ocrx_word' id='word_1_169' title='bbox 608 1873 664 1934; x_wconf 90' lang='lat' dir='ltr'><strong>qua</strong></span> <span class='ocrx_word' id='word_1_170' title='bbox 692 1853 800 1914; x_wconf 90' lang='lat' dir='ltr'><strong>nullum</strong></span> <span class='ocrx_word' id='word_1_171' title='bbox 825 1852 938 1914; x_wconf 82' lang='lat' dir='ltr'><strong>Graeca</strong></span> <span class='ocrx_word' id='word_1_172' title='bbox 960 1851 1083 1913; x_wconf 85' lang='lat' dir='ltr'><strong>verbum</strong></span> 
     </span>
     <span class='ocr_line' id='line_1_23' title="bbox 76 1937 1081 2017; baseline -0.004 -17"><span class='ocrx_word' id='word_1_173' title='bbox 76 1939 168 2000; x_wconf 90' lang='lat' dir='ltr'><strong>cadit:</strong></span> <span class='ocrx_word' id='word_1_174' title='bbox 185 1949 213 2000; x_wconf 89' lang='lat' dir='ltr'><strong>at</strong></span> <span class='ocrx_word' id='word_1_175' title='bbox 229 1939 271 2000; x_wconf 96' lang='lat' dir='ltr'><strong>illi</strong></span> <span class='ocrx_word' id='word_1_176' title='bbox 286 1958 324 2015; x_wconf 78' lang='lat' dir='ltr'><strong>ny</strong></span> <span class='ocrx_word' id='word_1_177' title='bbox 347 1939 498 2000; x_wconf 87' lang='lat' dir='ltr'><strong>iucundam</strong></span> <span class='ocrx_word' id='word_1_178' title='bbox 519 1947 549 1999; x_wconf 91' lang='lat' dir='ltr'><strong>et</strong></span> <span class='ocrx_word' id='word_1_179' title='bbox 568 1939 598 1999; x_wconf 91' lang='lat' dir='ltr'><strong>io</strong></span> <span class='ocrx_word' id='word_1_180' title='bbox 613 1939 670 1999; x_wconf 84' lang='lat' dir='ltr'><strong>dne</strong></span> <span class='ocrx_word' id='word_1_181' title='bbox 685 1939 844 2017; x_wconf 89' lang='lat' dir='ltr'><strong>praecipue</strong></span> <span class='ocrx_word' id='word_1_182' title='bbox 861 1937 944 2015; x_wconf 87' lang='lat' dir='ltr'><strong>quasi</strong></span> <span class='ocrx_word' id='word_1_183' title='bbox 959 1937 1081 1997; x_wconf 55' lang='lat' dir='ltr'><strong>tinniens</strong></span> 
     </span>
     <span class='ocr_line' id='line_1_24' title="bbox 75 2020 1081 2102; baseline -0.003 -19"><span class='ocrx_word' id='word_1_184' title='bbox 75 2033 134 2083; x_wconf 88' lang='lat' dir='ltr'><strong>tem</strong></span> <span class='ocrx_word' id='word_1_185' title='bbox 150 2023 227 2083; x_wconf 92' lang='lat' dir='ltr'><strong>illius</strong></span> <span class='ocrx_word' id='word_1_186' title='bbox 244 2022 312 2083; x_wconf 95' lang='lat' dir='ltr'><strong>loco</strong></span> <span class='ocrx_word' id='word_1_187' title='bbox 330 2032 454 2102; x_wconf 80' lang='lat' dir='ltr'><strong>ponunt,</strong></span> <span class='ocrx_word' id='word_1_188' title='bbox 478 2039 553 2102; x_wconf 90' lang='lat' dir='ltr'><strong>quae</strong></span> <span class='ocrx_word' id='word_1_189' title='bbox 572 2032 619 2083; x_wconf 87' lang='lat' dir='ltr'><strong>ast</strong></span> <span class='ocrx_word' id='word_1_190' title='bbox 634 2023 710 2101; x_wconf 90' lang='lat' dir='ltr'><strong>apud</strong></span> <span class='ocrx_word' id='word_1_191' title='bbox 726 2039 779 2082; x_wconf 91' lang='lat' dir='ltr'><strong>nos</strong></span> <span class='ocrx_word' id='word_1_192' title='bbox 794 2021 942 2082; x_wconf 89' lang='lat' dir='ltr'><strong>rarissima</strong></span> <span class='ocrx_word' id='word_1_193' title='bbox 957 2022 986 2080; x_wconf 89' lang='lat' dir='ltr'><strong>in</strong></span> <span class='ocrx_word' id='word_1_194' title='bbox 1002 2020 1081 2081; x_wconf 90' lang='lat' dir='ltr'><strong>clau·</strong></span> 
     </span>
     <span class='ocr_line' id='line_1_25' title="bbox 76 2103 1125 2187; baseline -0.005 -19"><span class='ocrx_word' id='word_1_195' title='bbox 76 2107 157 2167; x_wconf 90' lang='lat' dir='ltr'><strong>solis.</strong></span> <span class='ocrx_word' id='word_1_196' title='bbox 196 2105 292 2181; x_wconf 81' lang='lat' dir='ltr'><strong>Quid?</strong></span> <span class='ocrx_word' id='word_1_197' title='bbox 318 2107 395 2187; x_wconf 90' lang='lat' dir='ltr'><strong>quod</strong></span> <span class='ocrx_word' id='word_1_198' title='bbox 413 2105 545 2182; x_wconf 76' lang='lat' dir='ltr'><strong>syllabae</strong></span> <span class='ocrx_word' id='word_1_199' title='bbox 561 2115 680 2168; x_wconf 90' lang='lat' dir='ltr'><strong>nostrae</strong></span> <span class='ocrx_word' id='word_1_200' title='bbox 695 2109 723 2166; x_wconf 90' lang='lat' dir='ltr'><strong>in</strong></span> <span class='ocrx_word' id='word_1_201' title='bbox 738 2105 761 2166; x_wconf 90' lang='lat' dir='ltr'>B</span> <span class='ocrx_word' id='word_1_202' title='bbox 777 2106 902 2166; x_wconf 90' lang='lat' dir='ltr'><strong>litteram</strong></span> <span class='ocrx_word' id='word_1_203' title='bbox 920 2103 992 2164; x_wconf 87' lang='lat' dir='ltr'><strong>etl)</strong></span> <span class='ocrx_word' id='word_1_204' title='bbox 1011 2105 1125 2176; x_wconf 70' lang='lat' dir='ltr'><strong>inni-32</strong></span> 
     </span>
     <span class='ocr_line' id='line_1_26' title="bbox 75 2188 1082 2270; baseline -0.001 -20"><span class='ocrx_word' id='word_1_205' title='bbox 75 2201 171 2251; x_wconf 91' lang='lat' dir='ltr'><strong>tuntur</strong></span> <span class='ocrx_word' id='word_1_206' title='bbox 187 2191 262 2251; x_wconf 88' lang='lat' dir='ltr'><strong>adeo</strong></span> <span class='ocrx_word' id='word_1_207' title='bbox 278 2209 401 2270; x_wconf 85' lang='lat' dir='ltr'><strong>aspere,</strong></span> <span class='ocrx_word' id='word_1_208' title='bbox 418 2200 449 2251; x_wconf 91' lang='lat' dir='ltr'><strong>ut</strong></span> <span class='ocrx_word' id='word_1_209' title='bbox 463 2191 599 2270; x_wconf 86' lang='lat' dir='ltr'><strong>plerique</strong></span> <span class='ocrx_word' id='word_1_210' title='bbox 614 2208 671 2252; x_wconf 91' lang='lat' dir='ltr'><strong>noo</strong></span> <span class='ocrx_word' id='word_1_211' title='bbox 688 2190 951 2269; x_wconf 88' lang='lat' dir='ltr'><strong>antiquissimorum</strong></span> <span class='ocrx_word' id='word_1_212' title='bbox 966 2188 1082 2270; x_wconf 91' lang='lat' dir='ltr'><strong>quidem</strong></span> 
     </span>
     <span class='ocr_line' id='line_1_27' title="bbox 76 2273 1083 2354; baseline 0 -19"><span class='ocrx_word' id='word_1_213' title='bbox 76 2275 129 2336; x_wconf 90' lang='lat' dir='ltr'><strong>sed</strong></span> <span class='ocrx_word' id='word_1_214' title='bbox 149 2285 246 2337; x_wconf 87' lang='lat' dir='ltr'><strong>tameo</strong></span> <span class='ocrx_word' id='word_1_215' title='bbox 267 2285 399 2336; x_wconf 85' lang='lat' dir='ltr'><strong>veterum</strong></span> <span class='ocrx_word' id='word_1_216' title='bbox 418 2275 535 2336; x_wconf 90' lang='lat' dir='ltr'><strong>mollire</strong></span> <span class='ocrx_word' id='word_1_217' title='bbox 555 2277 760 2354; x_wconf 85' lang='lat' dir='ltr'><strong>temptaverint</strong></span> <span class='ocrx_word' id='word_1_218' title='bbox 781 2291 838 2334; x_wconf 92' lang='lat' dir='ltr'><strong>non</strong></span> <span class='ocrx_word' id='word_1_219' title='bbox 854 2273 949 2334; x_wconf 90' lang='lat' dir='ltr'><strong>solum</strong></span> <span class='ocrx_word' id='word_1_220' title='bbox 969 2291 1083 2337; x_wconf 82' lang='lat' dir='ltr'><strong>auerso</strong></span> 
     </span>
     <span class='ocr_line' id='line_1_28' title="bbox 76 2355 1082 2439; baseline -0.003 -20"><span class='ocrx_word' id='word_1_221' title='bbox 76 2377 129 2439; x_wconf 94' lang='lat' dir='ltr'><strong>pro</strong></span> <span class='ocrx_word' id='word_1_222' title='bbox 150 2361 291 2422; x_wconf 71' lang='lat' dir='ltr'><strong>ademtis</strong></span> <span class='ocrx_word' id='word_1_223' title='bbox 313 2360 437 2422; x_wconf 89' lang='lat' dir='ltr'><strong>dicendo</strong></span> <span class='ocrx_word' id='word_1_224' title='bbox 455 2359 509 2420; x_wconf 90' lang='lat' dir='ltr'><strong>sed</strong></span> <span class='ocrx_word' id='word_1_225' title='bbox 531 2369 560 2420; x_wconf 92' lang='lat' dir='ltr'><strong>et</strong></span> <span class='ocrx_word' id='word_1_226' title='bbox 575 2361 604 2420; x_wconf 92' lang='lat' dir='ltr'><strong>in</strong></span> <span class='ocrx_word' id='word_1_227' title='bbox 621 2359 840 2438; x_wconf 86' lang='lat' dir='ltr'><strong>praepositione</strong></span> <span class='ocrx_word' id='word_1_228' title='bbox 857 2357 880 2418; x_wconf 90' lang='lat' dir='ltr'>B</span> <span class='ocrx_word' id='word_1_229' title='bbox 897 2357 1014 2419; x_wconf 88' lang='lat' dir='ltr'><strong>litterae</strong></span> <span class='ocrx_word' id='word_1_230' title='bbox 1030 2355 1082 2419; x_wconf 92' lang='lat' dir='ltr'><strong>ab·</strong></span> 
     </span>
     <span class='ocr_line' id='line_1_29' title="bbox 76 2443 1125 2523; baseline -0.002 -20"><span class='ocrx_word' id='word_1_231' title='bbox 76 2461 176 2503; x_wconf 92' lang='lat' dir='ltr'><strong>sonam</strong></span> <span class='ocrx_word' id='word_1_232' title='bbox 193 2453 222 2504; x_wconf 92' lang='lat' dir='ltr'><strong>et</strong></span> <span class='ocrx_word' id='word_1_233' title='bbox 239 2445 368 2523; x_wconf 87' lang='lat' dir='ltr'><strong>ipsamS</strong></span> <span class='ocrx_word' id='word_1_234' title='bbox 393 2444 584 2506; x_wconf 90' lang='lat' dir='ltr'><strong>subiiciendo.</strong></span> <span class='ocrx_word' id='word_1_235' title='bbox 623 2443 683 2504; x_wconf 88' lang='lat' dir='ltr'><strong>Sed</strong></span> <span class='ocrx_word' id='word_1_236' title='bbox 701 2452 839 2503; x_wconf 88' lang='lat' dir='ltr'><strong>accentus</strong></span> <span class='ocrx_word' id='word_1_237' title='bbox 862 2458 996 2520; x_wconf 85' lang='lat' dir='ltr'><strong>quoque,</strong></span> <span class='ocrx_word' id='word_1_238' title='bbox 1019 2456 1125 2512; x_wconf 73' lang='lat' dir='ltr'><strong>cumas</strong></span> 
     </span>
     <span class='ocr_line' id='line_1_30' title="bbox 76 2524 1175 2606; baseline -0.002 -20"><span class='ocrx_word' id='word_1_239' title='bbox 76 2530 175 2604; x_wconf 80' lang='lat' dir='ltr'><strong>rigore</strong></span> <span class='ocrx_word' id='word_1_240' title='bbox 196 2528 337 2605; x_wconf 83' lang='lat' dir='ltr'><strong>quodam,</strong></span> <span class='ocrx_word' id='word_1_241' title='bbox 360 2538 418 2588; x_wconf 88' lang='lat' dir='ltr'><strong>tum</strong></span> <span class='ocrx_word' id='word_1_242' title='bbox 441 2528 625 2588; x_wconf 88' lang='lat' dir='ltr'><strong>similitudine</strong></span> <span class='ocrx_word' id='word_1_243' title='bbox 648 2529 728 2606; x_wconf 82' lang='lat' dir='ltr'><strong>ipsa,</strong></span> <span class='ocrx_word' id='word_1_244' title='bbox 750 2528 842 2586; x_wconf 91' lang='lat' dir='ltr'><strong>minus</strong></span> <span class='ocrx_word' id='word_1_245' title='bbox 866 2543 972 2586; x_wconf 89' lang='lat' dir='ltr'><strong>suaves</strong></span> <span class='ocrx_word' id='word_1_246' title='bbox 992 2524 1083 2585; x_wconf 88' lang='lat' dir='ltr'><strong>habe·</strong></span> <span class='ocrx_word' id='word_1_247' title='bbox 1166 2526 1175 2532; x_wconf 82' lang='grc'><em>“</em></span> 
     </span>
     <span class='ocr_line' id='line_1_31' title="bbox 76 2610 1083 2688; baseline -0.001 -18"><span class='ocrx_word' id='word_1_248' title='bbox 76 2629 152 2679; x_wconf 91' lang='lat' dir='ltr'><strong>mus;</strong></span> <span class='ocrx_word' id='word_1_249' title='bbox 176 2610 242 2688; x_wconf 90' lang='lat' dir='ltr'><strong>quia</strong></span> <span class='ocrx_word' id='word_1_250' title='bbox 263 2611 362 2672; x_wconf 88' lang='lat' dir='ltr'><strong>ultima</strong></span> <span class='ocrx_word' id='word_1_251' title='bbox 384 2610 497 2686; x_wconf 77' lang='lat' dir='ltr'><strong>&#39;syllaba</strong></span> <span class='ocrx_word' id='word_1_252' title='bbox 520 2628 576 2671; x_wconf 93' lang='lat' dir='ltr'><strong>nec</strong></span> <span class='ocrx_word' id='word_1_253' title='bbox 600 2619 684 2671; x_wconf 91' lang='lat' dir='ltr'><strong>acuta</strong></span> <span class='ocrx_word' id='word_1_254' title='bbox 706 2627 830 2687; x_wconf 91' lang='lat' dir='ltr'><strong>unquam</strong></span> <span class='ocrx_word' id='word_1_255' title='bbox 858 2610 1001 2669; x_wconf 84' lang='lat' dir='ltr'><strong>excitatur</strong></span> <span class='ocrx_word' id='word_1_256' title='bbox 1026 2625 1083 2669; x_wconf 88' lang='lat' dir='ltr'><strong>nec</strong></span> 
     </span>
     <span class='ocr_line' id='line_1_32' title="bbox 76 2692 1084 2773; baseline -0.004 -18"><span class='ocrx_word' id='word_1_257' title='bbox 76 2695 153 2756; x_wconf 84' lang='lat' dir='ltr'><strong>ilexa</strong></span> <span class='ocrx_word' id='word_1_258' title='bbox 181 2694 404 2754; x_wconf 90' lang='lat' dir='ltr'><strong>circumducitur</strong></span> <span class='ocrx_word' id='word_1_259' title='bbox 431 2695 485 2754; x_wconf 93' lang='lat' dir='ltr'><strong>sed</strong></span> <span class='ocrx_word' id='word_1_260' title='bbox 510 2695 539 2754; x_wconf 89' lang='lat' dir='ltr'><strong>in</strong></span> <span class='ocrx_word' id='word_1_261' title='bbox 560 2711 681 2773; x_wconf 75' lang='lat' dir='ltr'><strong>gravem</strong></span> <span class='ocrx_word' id='word_1_262' title='bbox 707 2692 756 2753; x_wconf 90' lang='lat' dir='ltr'><strong>vel</strong></span> <span class='ocrx_word' id='word_1_263' title='bbox 780 2693 851 2755; x_wconf 89' lang='lat' dir='ltr'><strong>duas</strong></span> <span class='ocrx_word' id='word_1_264' title='bbox 874 2710 982 2771; x_wconf 77' lang='lat' dir='ltr'><strong>graves</strong></span> <span class='ocrx_word' id='word_1_265' title='bbox 1007 2692 1084 2753; x_wconf 90' lang='lat' dir='ltr'><strong>cadit</strong></span> 
     </span>
     <span class='ocr_line' id='line_1_33' title="bbox 76 2775 1082 2857; baseline -0.002 -19"><span class='ocrx_word' id='word_1_266' title='bbox 76 2796 203 2857; x_wconf 91' lang='lat' dir='ltr'><strong>semper.</strong></span> <span class='ocrx_word' id='word_1_267' title='bbox 243 2777 344 2857; x_wconf 89' lang='lat' dir='ltr'><strong>ltaque</strong></span> <span class='ocrx_word' id='word_1_268' title='bbox 367 2787 447 2839; x_wconf 91' lang='lat' dir='ltr'><strong>tanto</strong></span> <span class='ocrx_word' id='word_1_269' title='bbox 469 2787 514 2838; x_wconf 92' lang='lat' dir='ltr'><strong>est</strong></span> <span class='ocrx_word' id='word_1_270' title='bbox 537 2795 634 2838; x_wconf 89' lang='lat' dir='ltr'><strong>sermo</strong></span> <span class='ocrx_word' id='word_1_271' title='bbox 653 2776 782 2840; x_wconf 78' lang='lat' dir='ltr'><strong>Graecus</strong></span> <span class='ocrx_word' id='word_1_272' title='bbox 797 2775 899 2838; x_wconf 83' lang='lat' dir='ltr'><strong>Latino</strong></span> <span class='ocrx_word' id='word_1_273' title='bbox 920 2776 1082 2851; x_wconf 89' lang='lat' dir='ltr'><strong>iucundior,</strong></span> 
     </span>
     <span class='ocr_line' id='line_1_34' title="bbox 76 2860 1082 2942; baseline -0.001 -20"><span class='ocrx_word' id='word_1_274' title='bbox 76 2872 106 2924; x_wconf 94' lang='lat' dir='ltr'><strong>ut</strong></span> <span class='ocrx_word' id='word_1_275' title='bbox 121 2863 213 2922; x_wconf 90' lang='lat' dir='ltr'><strong>nostri</strong></span> <span class='ocrx_word' id='word_1_276' title='bbox 229 2871 352 2940; x_wconf 83' lang='lat' dir='ltr'><strong>poetae,</strong></span> <span class='ocrx_word' id='word_1_277' title='bbox 370 2864 503 2942; x_wconf 91' lang='lat' dir='ltr'><strong>quotiens</strong></span> <span class='ocrx_word' id='word_1_278' title='bbox 518 2862 605 2924; x_wconf 87' lang='lat' dir='ltr'><strong>dulce</strong></span> <span class='ocrx_word' id='word_1_279' title='bbox 621 2880 738 2924; x_wconf 89' lang='lat' dir='ltr'><strong>carmen</strong></span> <span class='ocrx_word' id='word_1_280' title='bbox 754 2879 822 2922; x_wconf 85' lang='lat' dir='ltr'><strong>esse</strong></span> <span class='ocrx_word' id='word_1_281' title='bbox 836 2860 998 2937; x_wconf 81' lang='lat' dir='ltr'><strong>voluerint,</strong></span> <span class='ocrx_word' id='word_1_282' title='bbox 1017 2860 1082 2921; x_wconf 92' lang='lat' dir='ltr'><strong>illo·</strong></span> 
     </span>
     <span class='ocr_line' id='line_1_35' title="bbox 76 2945 1126 3027; baseline -0.001 -21"><span class='ocrx_word' id='word_1_283' title='bbox 76 2966 138 3006; x_wconf 89' lang='lat' dir='ltr'><strong>rum</strong></span> <span class='ocrx_word' id='word_1_284' title='bbox 159 2946 187 3006; x_wconf 94' lang='lat' dir='ltr'><strong>id</strong></span> <span class='ocrx_word' id='word_1_285' title='bbox 209 2946 370 3007; x_wconf 89' lang='lat' dir='ltr'><strong>nominibus</strong></span> <span class='ocrx_word' id='word_1_286' title='bbox 394 2956 545 3008; x_wconf 88' lang='lat' dir='ltr'><strong>exornent.</strong></span> <span class='ocrx_word' id='word_1_287' title='bbox 582 2945 634 3007; x_wconf 89' lang='lat' dir='ltr'><strong>llis</strong></span> <span class='ocrx_word' id='word_1_288' title='bbox 652 2947 703 3008; x_wconf 92' lang='lat' dir='ltr'><strong>illa</strong></span> <span class='ocrx_word' id='word_1_289' title='bbox 726 2947 910 3027; x_wconf 82' lang='lat' dir='ltr'><strong>potentiora,</strong></span> <span class='ocrx_word' id='word_1_290' title='bbox 935 2945 1014 3025; x_wconf 93' lang='lat' dir='ltr'><strong>quod</strong></span> <span class='ocrx_word' id='word_1_291' title='bbox 1034 2957 1126 3012; x_wconf 68' lang='lat' dir='ltr'><strong>resse</strong></span> 
     </span>
     <span class='ocr_line' id='line_1_36' title="bbox 76 3030 1083 3110; baseline -0.001 -21"><span class='ocrx_word' id='word_1_292' title='bbox 76 3031 216 3109; x_wconf 88' lang='lat' dir='ltr'><strong>plurimae</strong></span> <span class='ocrx_word' id='word_1_293' title='bbox 240 3040 340 3092; x_wconf 88' lang='lat' dir='ltr'><strong>carent</strong></span> <span class='ocrx_word' id='word_1_294' title='bbox 368 3030 632 3110; x_wconf 85' lang='lat' dir='ltr'><strong>appellationibus,</strong></span> <span class='ocrx_word' id='word_1_295' title='bbox 656 3041 687 3091; x_wconf 93' lang='lat' dir='ltr'><strong>ut</strong></span> <span class='ocrx_word' id='word_1_296' title='bbox 711 3049 762 3093; x_wconf 89' lang='lat' dir='ltr'><strong>eas</strong></span> <span class='ocrx_word' id='word_1_297' title='bbox 786 3049 911 3092; x_wconf 91' lang='lat' dir='ltr'><strong>necesse</strong></span> <span class='ocrx_word' id='word_1_298' title='bbox 930 3031 968 3090; x_wconf 90' lang='lat' dir='ltr'><strong>sit</strong></span> <span class='ocrx_word' id='word_1_299' title='bbox 990 3039 1083 3091; x_wconf 91' lang='lat' dir='ltr'><strong>trans-</strong></span> 
     </span>
     <span class='ocr_line' id='line_1_37' title="bbox 76 3115 1084 3196; baseline -0.002 -22"><span class='ocrx_word' id='word_1_300' title='bbox 76 3115 156 3174; x_wconf 85' lang='lat' dir='ltr'><strong>ierre</strong></span> <span class='ocrx_word' id='word_1_301' title='bbox 184 3124 232 3175; x_wconf 88' lang='lat' dir='ltr'><strong>aut</strong></span> <span class='ocrx_word' id='word_1_302' title='bbox 258 3116 424 3184; x_wconf 88' lang='lat' dir='ltr'><strong>circumire;</strong></span> <span class='ocrx_word' id='word_1_303' title='bbox 452 3117 539 3177; x_wconf 89' lang='lat' dir='ltr'><strong>etiam</strong></span> <span class='ocrx_word' id='word_1_304' title='bbox 562 3116 592 3176; x_wconf 92' lang='lat' dir='ltr'><strong>in</strong></span> <span class='ocrx_word' id='word_1_305' title='bbox 615 3116 668 3192; x_wconf 84' lang='lat' dir='ltr'><strong>iis,</strong></span> <span class='ocrx_word' id='word_1_306' title='bbox 694 3133 770 3196; x_wconf 91' lang='lat' dir='ltr'><strong>quae</strong></span> <span class='ocrx_word' id='word_1_307' title='bbox 795 3115 979 3177; x_wconf 88' lang='lat' dir='ltr'><strong>denominata</strong></span> <span class='ocrx_word' id='word_1_308' title='bbox 1008 3120 1084 3189; x_wconf 84' lang='lat' dir='ltr'><strong>sunt,</strong></span> 
     </span>
     <span class='ocr_line' id='line_1_38' title="bbox 76 3198 1085 3280; baseline -0.002 -22"><span class='ocrx_word' id='word_1_309' title='bbox 76 3217 186 3276; x_wconf 84' lang='lat' dir='ltr'><strong>summa</strong></span> <span class='ocrx_word' id='word_1_310' title='bbox 203 3209 360 3278; x_wconf 86' lang='lat' dir='ltr'><strong>paupertas</strong></span> <span class='ocrx_word' id='word_1_311' title='bbox 377 3201 407 3260; x_wconf 91' lang='lat' dir='ltr'><strong>in</strong></span> <span class='ocrx_word' id='word_1_312' title='bbox 428 3200 531 3261; x_wconf 88' lang='lat' dir='ltr'><strong>eadem</strong></span> <span class='ocrx_word' id='word_1_313' title='bbox 553 3217 607 3260; x_wconf 91' lang='lat' dir='ltr'><strong>nos</strong></span> <span class='ocrx_word' id='word_1_314' title='bbox 628 3201 864 3280; x_wconf 77' lang='lat' dir='ltr'><strong>frequentissime</strong></span> <span class='ocrx_word' id='word_1_315' title='bbox 885 3198 1027 3265; x_wconf 74' lang='lat' dir='ltr'><strong>revolvit:</strong></span> <span class='ocrx_word' id='word_1_316' title='bbox 1056 3204 1085 3256; x_wconf 91' lang='lat' dir='ltr'><strong>at</strong></span> 
     </span>
     <span class='ocr_line' id='line_1_39' title="bbox 76 3280 1070 3364; baseline -0.001 -22"><span class='ocrx_word' id='word_1_317' title='bbox 76 3283 135 3344; x_wconf 90' lang='lat' dir='ltr'><strong>illis</strong></span> <span class='ocrx_word' id='word_1_318' title='bbox 150 3299 208 3343; x_wconf 90' lang='lat' dir='ltr'><strong>noo</strong></span> <span class='ocrx_word' id='word_1_319' title='bbox 222 3283 380 3344; x_wconf 89' lang='lat' dir='ltr'><strong>verborum</strong></span> <span class='ocrx_word' id='word_1_320' title='bbox 393 3284 498 3363; x_wconf 84' lang='lat' dir='ltr'><strong>modo,</strong></span> <span class='ocrx_word' id='word_1_321' title='bbox 514 3285 568 3346; x_wconf 89' lang='lat' dir='ltr'><strong>sed</strong></span> <span class='ocrx_word' id='word_1_322' title='bbox 582 3285 743 3364; x_wconf 76' lang='lat' dir='ltr'><strong>linguarum</strong></span> <span class='ocrx_word' id='word_1_323' title='bbox 761 3286 847 3345; x_wconf 87' lang='lat' dir='ltr'><strong>etiam</strong></span> <span class='ocrx_word' id='word_1_324' title='bbox 861 3284 937 3342; x_wconf 92' lang='lat' dir='ltr'><strong>inter</strong></span> <span class='ocrx_word' id='word_1_325' title='bbox 952 3298 985 3341; x_wconf 90' lang='lat' dir='ltr'><strong>sa</strong></span> <span class='ocrx_word' id='word_1_326' title='bbox 1001 3280 1070 3342; x_wconf 86' lang='lat' dir='ltr'><strong>dille</strong></span> 
     </span>
     <span class='ocr_line' id='line_1_40' title="bbox 76 3368 1187 3446; baseline 0.001 -19"><span class='ocrx_word' id='word_1_327' title='bbox 76 3368 199 3429; x_wconf 89' lang='lat' dir='ltr'><strong>rentium</strong></span> <span class='ocrx_word' id='word_1_328' title='bbox 214 3368 300 3446; x_wconf 91' lang='lat' dir='ltr'><strong>copia</strong></span> <span class='ocrx_word' id='word_1_329' title='bbox 316 3377 371 3428; x_wconf 91' lang='lat' dir='ltr'><strong>est.</strong></span> <span class='ocrx_word' id='word_1_330' title='bbox 1128 3380 1132 3389; x_wconf 85' lang='lat'><em>·</em></span> <span class='ocrx_word' id='word_1_331' title='bbox 1184 3438 1187 3443; x_wconf 26' lang='lat'><strong>¹</strong></span> 
     </span>
     <span class='ocr_line' id='line_1_41' title="bbox 163 3446 1187 3532; baseline -0.009 -21"><span class='ocrx_word' id='word_1_332' title='bbox 163 3450 261 3525; x_wconf 82' lang='lat' dir='ltr'><strong>Quare</strong></span> <span class='ocrx_word' id='word_1_333' title='bbox 277 3453 325 3532; x_wconf 94' lang='lat' dir='ltr'><strong>qui</strong></span> <span class='ocrx_word' id='word_1_334' title='bbox 347 3469 364 3512; x_wconf 91' lang='lat' dir='ltr'><strong>a</strong></span> <span class='ocrx_word' id='word_1_335' title='bbox 386 3451 493 3512; x_wconf 82' lang='lat' dir='ltr'><strong>Latinis</strong></span> <span class='ocrx_word' id='word_1_336' title='bbox 515 3453 616 3530; x_wconf 75' lang='lat' dir='ltr'><strong>arrigat</strong></span> <span class='ocrx_word' id='word_1_337' title='bbox 635 3451 716 3512; x_wconf 92' lang='lat' dir='ltr'><strong>illam</strong></span> <span class='ocrx_word' id='word_1_338' title='bbox 735 3452 859 3527; x_wconf 79' lang='lat' dir='ltr'><strong>gratiam</strong></span> <span class='ocrx_word' id='word_1_339' title='bbox 874 3449 1025 3508; x_wconf 63' lang='lat' dir='ltr'><strong>sarmosia</strong></span> <span class='ocrx_word' id='word_1_340' title='bbox 1041 3446 1140 3501; x_wconf 56' lang='lat' dir='ltr'><strong>§.x-*th</strong></span> <span class='ocrx_word' id='word_1_341' title='bbox 1185 3468 1187 3473; x_wconf 96' lang='lat'>·</span> 
     </span>
    </p>
   </div>
   <div class='ocr_carea' id='block_1_4' title="bbox 0 0 1209 3854">
    <p class='ocr_par' dir='ltr' id='par_1_4' title="bbox 0 0 1209 3854">
     <span class='ocr_line' id='line_1_42' title="bbox 0 0 1209 3854; baseline 0 0"><span class='ocrx_word' id='word_1_342' title='bbox 0 0 1209 3854; x_wconf 95' lang='lat' dir='ltr'><strong> </strong></span> 
     </span>
    </p>
   </div>
  </div>
 </body>
</html>
