2408 3854
106 198 147 259 'tlt
428 209 464 256 u.
480 207 558 255 sus.
574 206 796 266 quuuururuur

106 364 345 445 hyperbolen
366 379 493 442 quoque,
510 379 573 421 nam
591 370 621 421 et
635 361 708 421 lraec
723 362 752 419 iu
767 369 916 440 utramque
931 368 1045 438 partem
1059 378 1106 422 ra·

107 450 162 518 lct;
186 449 239 509 sed
262 450 328 526 quia
349 446 458 507 excidit
478 445 536 505 hoc
558 463 679 505 nornen:
699 447 728 504 in
752 453 854 523 tropos
872 445 1033 505 differenda
1053 453 1106 506 est.

107 536 189 607 Quos
212 535 347 592 continuo
372 529 593 607 srubiuugerem,
619 530 672 588 nisi
698 537 779 589 esset
803 544 819 589 a
842 531 950 590 ceteris
972 539 1107 608 separata

105 620 179 678 ratio
195 616 324 691 dicendi,
347 608 422 695 quae
439 622 553 673 constat
567 630 625 673 non
643 614 771 693 propriis
786 613 839 673 sed
855 613 1014 674 translatis.
1051 613 1107 675 Da-

104 720 167 762 rnus
184 718 256 778 ergo
272 701 401 760 breviter
416 698 472 758 hoc
489 698 634 758 desiderio
651 699 706 757 iam
716 715 812 777 paene
827 697 957 776 publico,
976 715 1013 758 ue
1029 700 1107 759 omit-

105 795 197 846 tamus
214 803 294 860 eum,
319 801 404 863 quem
425 783 559 861 plerique
582 783 768 860 praecipuum
785 797 821 842 ac
835 799 930 862 paene
946 782 1042 842 solum
1058 799 1107 860 pu-

105 878 166 929 tant
183 870 320 928 orationis
337 876 476 926 ornatum.

340 1023 383 1071 DE
407 1020 590 1072 GENERIBUS
607 1018 872 1072 SENTENTIARUM.

188 1118 224 1177 V.
258 1120 496 1179 Sententiam
517 1127 646 1193 veteres,
665 1117 744 1197 quod
760 1117 853 1176 animo
869 1115 1042 1193 sensissent,
1057 1134 1107 1176 vo·

105 1211 253 1277 caverunt.
289 1202 321 1263 ld
344 1220 409 1263 cum
432 1212 478 1263 est
501 1203 577 1280 apud
600 1211 734 1262 oratores
750 1200 1031 1279 frequentissimum,
1050 1208 1108 1261 turn

105 1289 191 1348 etiarn
213 1289 243 1347 in
266 1305 318 1347 usu
341 1287 486 1346 cotidiano
512 1286 649 1366 quasdam
665 1285 806 1365 reliquias
821 1283 924 1352 habet;
942 1301 1008 1344 nam
1023 1293 1054 1344 et
1068 1285 1107 1344 in·

103 1374 192 1433 raturi
208 1391 248 1433 em
262 1372 357 1433 animi
371 1373 469 1432 nostri
485 1373 634 1433 sententio
656 1380 686 1430 et
708 1368 888 1448 gratulantes
906 1385 946 1429 ec
960 1371 1109 1431 sementia

104 1457 234 1518 dicimus.
275 1453 341 1514 Non
361 1471 427 1514 raro
445 1464 540 1515 tamen
556 1464 587 1515 et
606 1457 649 1514 sic
666 1455 757 1515 locuti
772 1461 854 1531 sunt,
877 1461 909 1512 ut
930 1470 1042 1514 seusa
1058 1470 1109 1514 sua

76 1541 250 1608 adicerent:
276 1557 342 1598 nam
364 1556 496 1598 sensus
518 1541 651 1617 corporis
671 1536 853 1598 videbantur.
902 1536 961 1597 Sed
986 1554 1107 1598 consuc-

103 1624 173 1684 tudo
190 1626 245 1683 iam
261 1625 368 1699 tenuit,
394 1632 425 1682 ut
445 1633 542 1683 mente
567 1631 710 1702 concepta
731 1639 835 1682 sensus
853 1637 1043 1699 vocaremus,
1067 1621 1108 1683 ln·

103 1709 178 1766 mina
200 1717 295 1767 autem
312 1709 530 1787 praecipueque
550 1710 579 1767 in
600 1707 738 1768 clausulis
763 1709 858 1785 posita
880 1709 1107 1776 sententian

105 1809 179 1870 quae
204 1794 296 1852 minus
325 1791 494 1853 celebratae
524 1793 599 1871 apud
634 1792 766 1870 antiquos
795 1793 903 1863 postris
927 1791 1108 1869 temporibus

104 1876 190 1935 modo
208 1885 316 1937 carent.
347 1876 477 1955 Ideoque
491 1877 559 1936 milri
575 1886 604 1936 et
621 1876 657 1936 de
670 1875 827 1954 generibus
844 1892 942 1935 earum
957 1883 987 1934 et
1003 1874 1040 1935 de
1056 1893 1108 1935 usu

105 1960 229 2020 arbitror
245 1978 337 2039 pauca
353 1962 484 2022 dicenda.

75 2054 93 2110 3
188 2045 414 2123 Antiquissimae
439 2054 521 2121 sunt,
554 2061 629 2124 quae
655 2046 791 2124 propria,
819 2043 949 2123 quamvis
977 2043 1108 2104 omnihus

104 2129 180 2188 idern
201 2146 305 2188 nomen
334 2130 389 2203 sit,
412 2129 574 2189 sententiae
589 2138 745 2205 vocantur,
771 2145 843 2206 quas
865 2125 969 2188 Gracci
989 2121 1111 2208 γνώμας

104 2212 268 2288 appellant;
293 2221 446 2289 utrumque
467 2221 562 2272 autern
583 2228 689 2272 nomen
704 2230 742 2272 ex
759 2229 796 2271 eo
816 2220 1004 2289 acceperunt,
1031 2211 1110 2290 quod

103 2296 213 2354 similes
229 2304 293 2354 sunt
316 2296 445 2355 consiliis
463 2304 511 2355 aut
528 2295 664 2356 decretis.
704 2296 757 2356 Est
774 2304 870 2356 autem
884 2295 959 2357 haec
972 2312 1033 2355 vox
1047 2297 1109 2355 uni·

102 2378 342 2458 versalis,.quac
364 2381 448 2440 etiam
471 2382 542 2442 citra
571 2380 754 2459 complexum
783 2396 890 2440 causae
919 2382 1014 2459 possit
1040 2397 1109 2440 esse

104 2461 272 2540 laudabilis,
296 2464 408 2523 interim
430 2463 465 2523 ad
489 2482 550 2524 rem
567 2474 675 2527 tanturn
691 2465 800 2542 relata,
824 2472 855 2525 ut
873 2463 957 2528 Nttutt
980 2472 1026 2526 est
1046 2472 1109 2526 tum

100 2549 250 2627 populare
276 2563 370 2626 quum
396 2550 534 2620 domitam·
557 2551 669 2609 interim
692 2548 728 2609 ad
752 2565 925 2628 personam,
949 2547 1036 2628 quale
1063 2555 1110 2608 est

104 2630 168 2692 Afri
183 2631 318 2708 Domitii,
336 2630 501 2712 Princeps,
523 2635 575 2712 qui
590 2636 653 2695 cult
668 2636 771 2695 omnia
788 2635 888 2712 seire,
908 2651 1034 2696 neccsse
1051 2633 1109 2695 da·

74 2717 151 2778 lbet
175 2719 269 2779 multa
292 2719 463 2795 ipsoscere.
505 2716 586 2778 llanc
608 2718 722 2797 quidam
743 2727 855 2796 partem
878 2717 1109 2794 enthymematis,

106 2798 218 2876 quidam
239 2802 348 2860 initium
368 2810 416 2860 aut
445 2802 604 2862 clausulam
624 2802 841 2881 epichirematis
865 2820 933 2863 esse
957 2803 1108 2870 dixerant3

103 2891 132 2942 ct
154 2892 200 2942 est
217 2883 372 2963 aliquando
387 2902 445 2944 non
460 2895 555 2946 tamen
570 2905 697 2966 semper.
729 2886 804 2947 lllud
822 2888 937 2962 verius,
960 2904 1028 2946 esse
1044 2901 1110 2947 eam

103 2967 256 3045 aliquando
279 2967 457 3047 simplicem,
481 2979 511 3029 ut
527 2989 578 3046 ea,
601 2988 676 3050 quae
692 2988 780 3048 supra
796 2970 868 3040 dixi;
891 2969 1047 3049 aliquando
1062 2986 1110 3031 ra·

102 3054 182 3112 tione
198 3052 347 3113 subiecta:
363 3046 443 3114 Nora
458 3056 491 3115 in
503 3057 584 3116 amati
600 3058 784 3133 certamine,
801 3058 854 3134 qm·
868 3055 1040 3135 opulentior·
1053 3062 1109 3131 est,

102 3138 222 3199 etiamsi
236 3140 351 3216 accipit
366 3138 531 3216 isnardum,
554 3149 669 3217 tumen,
696 3141 769 3219 quic
787 3141 858 3221 plus
871 3147 984 3221 potest,
1000 3140 1112 3218 facere

101 3223 224 3284 videtur
228 3245 243 3292 ,·
259 3238 460 3300 nonnunquam
475 3221 634 3302 duplicem:
653 3222 839 3303 Obsequium
851 3225 978 3300 undem,
989 3225 1109 3287 veritas

73 3307 204 3368 bodium
224 3308 318 3385 parit.
363 3307 435 3366 Sunt
456 3309 558 3383 etiam,
585 3310 632 3385 qui
654 3308 756 3368 decem
771 3326 881 3386 genera
897 3308 1040 3385 fecerint,
1057 3306 1111 3370 sed

102 3391 252 3467 eomodo,
275 3408 332 3470 quo
351 3391 414 3450 lieri
435 3391 484 3452 uel
505 3392 588 3469 plura
609 3401 748 3468 possunt,
769 3409 824 3470 per
839 3394 1111 3472 interrogationem,

100 3491 155 3551 per
176 3476 437 3555 comparationem,
459 3475 674 3552 infitiationem,
697 3475 926 3556 similitudinem,
944 3476 1112 3538 admiratio·
