<?xml version="1.0" encoding="UTF-8"?>
<!DOCTYPE html PUBLIC "-//W3C//DTD XHTML 1.0 Transitional//EN"
    "http://www.w3.org/TR/xhtml1/DTD/xhtml1-transitional.dtd">
<html xmlns="http://www.w3.org/1999/xhtml" xml:lang="en" lang="en">
 <head>
  <title>
</title>
<meta http-equiv="Content-Type" content="text/html;charset=utf-8" />
  <meta name='ocr-system' content='tesseract 3.04.00' />
  <meta name='ocr-capabilities' content='ocr_page ocr_carea ocr_par ocr_line ocrx_word'/>
</head>
<body>
  <div class='ocr_page' id='page_1' title='image "./mfabiiquintilia08quingoog_0285.png"; bbox 0 0 2408 3854; ppageno 0'>
   <div class='ocr_carea' id='block_1_1' title="bbox 154 201 845 271">
    <p class='ocr_par' dir='ltr' id='par_1_1' title="bbox 154 201 845 271">
     <span class='ocr_line' id='line_1_1' title="bbox 154 201 845 271; baseline -0.006 -11"><span class='ocrx_word' id='word_1_1' title='bbox 154 201 215 262; x_wconf 80' lang='lat'><strong>260</strong></span> <span class='ocrx_word' id='word_1_2' title='bbox 464 214 501 260; x_wconf 83' lang='lat' dir='ltr'><strong>m.</strong></span> <span class='ocrx_word' id='word_1_3' title='bbox 523 212 601 259; x_wconf 74' lang='lat' dir='ltr'><strong>usa.</strong></span> <span class='ocrx_word' id='word_1_4' title='bbox 624 209 845 271; x_wconf 77' lang='lat' dir='ltr'><strong>omunmmru</strong></span> 
     </span>
    </p>
   </div>
   <div class='ocr_carea' id='block_1_2' title="bbox 126 363 1168 3556">
    <p class='ocr_par' dir='ltr' id='par_1_2' title="bbox 126 363 1161 614">
     <span class='ocr_line' id='line_1_2' title="bbox 126 363 1160 447; baseline -0.002 -18"><span class='ocrx_word' id='word_1_5' title='bbox 126 367 328 447; x_wconf 82' lang='lat' dir='ltr'><strong>3explicabit;</strong></span> <span class='ocrx_word' id='word_1_6' title='bbox 356 375 384 427; x_wconf 88' lang='lat' dir='ltr'><strong>at</strong></span> <span class='ocrx_word' id='word_1_7' title='bbox 403 367 428 425; x_wconf 91' lang='lat' dir='ltr'><strong>si</strong></span> <span class='ocrx_word' id='word_1_8' title='bbox 449 365 518 426; x_wconf 88' lang='lat' dir='ltr'><strong>iuris</strong></span> <span class='ocrx_word' id='word_1_9' title='bbox 538 365 685 427; x_wconf 89' lang='lat' dir='ltr'><strong>anlractus</strong></span> <span class='ocrx_word' id='word_1_10' title='bbox 702 373 749 424; x_wconf 90' lang='lat' dir='ltr'><strong>aut</strong></span> <span class='ocrx_word' id='word_1_11' title='bbox 771 363 917 424; x_wconf 88' lang='lat' dir='ltr'><strong>eruendae</strong></span> <span class='ocrx_word' id='word_1_12' title='bbox 938 365 1069 425; x_wconf 88' lang='lat' dir='ltr'><strong>veritatis</strong></span> <span class='ocrx_word' id='word_1_13' title='bbox 1086 364 1160 427; x_wconf 88' lang='lat' dir='ltr'><strong>late·</strong></span> 
     </span>
     <span class='ocr_line' id='line_1_3' title="bbox 154 446 1161 529; baseline -0.003 -16"><span class='ocrx_word' id='word_1_14' title='bbox 154 453 223 513; x_wconf 89' lang='lat' dir='ltr'><strong>bras</strong></span> <span class='ocrx_word' id='word_1_15' title='bbox 238 451 318 514; x_wconf 90' lang='lat' dir='ltr'><strong>adire</strong></span> <span class='ocrx_word' id='word_1_16' title='bbox 331 458 468 529; x_wconf 76' lang='lat' dir='ltr'><strong>cogetur:</strong></span> <span class='ocrx_word' id='word_1_17' title='bbox 485 467 542 510; x_wconf 92' lang='lat' dir='ltr'><strong>nou</strong></span> <span class='ocrx_word' id='word_1_18' title='bbox 558 447 737 526; x_wconf 81' lang='lat' dir='ltr'><strong>obequitabit</strong></span> <span class='ocrx_word' id='word_1_19' title='bbox 752 465 808 507; x_wconf 88' lang='lat' dir='ltr'><strong>nec</strong></span> <span class='ocrx_word' id='word_1_20' title='bbox 822 446 881 507; x_wconf 88' lang='lat' dir='ltr'><strong>illis</strong></span> <span class='ocrx_word' id='word_1_21' title='bbox 897 447 1077 509; x_wconf 88' lang='lat' dir='ltr'><strong>vibrantibus</strong></span> <span class='ocrx_word' id='word_1_22' title='bbox 1092 467 1161 510; x_wconf 89' lang='lat' dir='ltr'><strong>con·</strong></span> 
     </span>
     <span class='ocr_line' id='line_1_4' title="bbox 156 531 1161 614; baseline -0.005 -17"><span class='ocrx_word' id='word_1_23' title='bbox 156 537 310 614; x_wconf 89' lang='lat' dir='ltr'><strong>citatisque</strong></span> <span class='ocrx_word' id='word_1_24' title='bbox 326 534 477 595; x_wconf 76' lang='lat' dir='ltr'><strong>sententiis</strong></span> <span class='ocrx_word' id='word_1_25' title='bbox 492 533 574 594; x_wconf 85' lang='lat' dir='ltr'><strong>velut</strong></span> <span class='ocrx_word' id='word_1_26' title='bbox 589 531 745 593; x_wconf 77' lang='lat' dir='ltr'><strong>missilibus</strong></span> <span class='ocrx_word' id='word_1_27' title='bbox 761 540 872 607; x_wconf 88' lang='lat' dir='ltr'><strong>utetur,</strong></span> <span class='ocrx_word' id='word_1_28' title='bbox 897 531 950 592; x_wconf 90' lang='lat' dir='ltr'><strong>sed</strong></span> <span class='ocrx_word' id='word_1_29' title='bbox 974 531 1115 611; x_wconf 85' lang='lat' dir='ltr'><strong>operibus</strong></span> <span class='ocrx_word' id='word_1_30' title='bbox 1132 543 1161 594; x_wconf 95' lang='lat' dir='ltr'><strong>et</strong></span> 
     </span>
    </p>

    <p class='ocr_par' dir='ltr' id='par_1_3' title="bbox 126 615 1168 1115">
     <span class='ocr_line' id='line_1_5' title="bbox 126 615 1161 694; baseline -0.001 -15"><span class='ocrx_word' id='word_1_31' title='bbox 126 619 296 686; x_wconf 78' lang='lat' dir='ltr'><strong>tcuniculis</strong></span> <span class='ocrx_word' id='word_1_32' title='bbox 323 628 352 679; x_wconf 88' lang='lat' dir='ltr'><strong>et</strong></span> <span class='ocrx_word' id='word_1_33' title='bbox 376 617 486 678; x_wconf 82' lang='lat' dir='ltr'><strong>insidiis</strong></span> <span class='ocrx_word' id='word_1_34' title='bbox 514 626 544 678; x_wconf 89' lang='lat' dir='ltr'><strong>et</strong></span> <span class='ocrx_word' id='word_1_35' title='bbox 569 615 692 676; x_wconf 89' lang='lat' dir='ltr'><strong>occultis</strong></span> <span class='ocrx_word' id='word_1_36' title='bbox 722 615 831 677; x_wconf 90' lang='lat' dir='ltr'><strong>artibus</strong></span> <span class='ocrx_word' id='word_1_37' title='bbox 856 633 919 677; x_wconf 90' lang='lat' dir='ltr'><strong>rem</strong></span> <span class='ocrx_word' id='word_1_38' title='bbox 941 625 1036 694; x_wconf 73' lang='lat' dir='ltr'><strong>geret.</strong></span> <span class='ocrx_word' id='word_1_39' title='bbox 1078 615 1161 690; x_wconf 80' lang='lat' dir='ltr'><strong>Quae</strong></span> 
     </span>
     <span class='ocr_line' id='line_1_6' title="bbox 156 699 1160 777; baseline -0.002 -14"><span class='ocrx_word' id='word_1_40' title='bbox 156 705 249 763; x_wconf 88' lang='lat' dir='ltr'><strong>omnia</strong></span> <span class='ocrx_word' id='word_1_41' title='bbox 271 720 329 763; x_wconf 91' lang='lat' dir='ltr'><strong>non</strong></span> <span class='ocrx_word' id='word_1_42' title='bbox 349 702 415 763; x_wconf 88' lang='lat' dir='ltr'><strong>dum</strong></span> <span class='ocrx_word' id='word_1_43' title='bbox 433 701 503 761; x_wconf 88' lang='lat' dir='ltr'><strong>liunt</strong></span> <span class='ocrx_word' id='word_1_44' title='bbox 523 701 690 777; x_wconf 89' lang='lat' dir='ltr'><strong>laudantur,</strong></span> <span class='ocrx_word' id='word_1_45' title='bbox 719 700 773 761; x_wconf 93' lang='lat' dir='ltr'><strong>sed</strong></span> <span class='ocrx_word' id='word_1_46' title='bbox 796 718 860 761; x_wconf 92' lang='lat' dir='ltr'><strong>cum</strong></span> <span class='ocrx_word' id='word_1_47' title='bbox 879 699 958 761; x_wconf 86' lang='lat' dir='ltr'><strong>lacta</strong></span> <span class='ocrx_word' id='word_1_48' title='bbox 975 710 1054 768; x_wconf 88' lang='lat' dir='ltr'><strong>suut;</strong></span> <span class='ocrx_word' id='word_1_49' title='bbox 1083 701 1160 763; x_wconf 89' lang='lat' dir='ltr'><strong>unde</strong></span> 
     </span>
     <span class='ocr_line' id='line_1_7' title="bbox 156 783 1162 865; baseline -0.001 -19"><span class='ocrx_word' id='word_1_50' title='bbox 156 789 241 847; x_wconf 90' lang='lat' dir='ltr'><strong>etiam</strong></span> <span class='ocrx_word' id='word_1_51' title='bbox 269 786 462 865; x_wconf 80' lang='lat' dir='ltr'><strong>cupidissimis</strong></span> <span class='ocrx_word' id='word_1_52' title='bbox 492 785 636 864; x_wconf 70' lang='lat' dir='ltr'><strong>opinionis</strong></span> <span class='ocrx_word' id='word_1_53' title='bbox 657 783 722 862; x_wconf 86' lang='lat' dir='ltr'><strong>plus</strong></span> <span class='ocrx_word' id='word_1_54' title='bbox 743 785 855 845; x_wconf 81' lang='lat' dir='ltr'><strong>fructus</strong></span> <span class='ocrx_word' id='word_1_55' title='bbox 877 785 966 844; x_wconf 88' lang='lat' dir='ltr'><strong>venit.</strong></span> <span class='ocrx_word' id='word_1_56' title='bbox 1002 783 1076 844; x_wconf 89' lang='lat' dir='ltr'><strong>Nam</strong></span> <span class='ocrx_word' id='word_1_57' title='bbox 1097 803 1162 846; x_wconf 88' lang='lat' dir='ltr'><strong>cum</strong></span> 
     </span>
     <span class='ocr_line' id='line_1_8' title="bbox 155 868 1161 947; baseline 0.001 -18"><span class='ocrx_word' id='word_1_58' title='bbox 155 870 205 930; x_wconf 90' lang='lat' dir='ltr'><strong>illa</strong></span> <span class='ocrx_word' id='word_1_59' title='bbox 222 869 336 931; x_wconf 88' lang='lat' dir='ltr'><strong>dicendi</strong></span> <span class='ocrx_word' id='word_1_60' title='bbox 351 870 456 929; x_wconf 86' lang='lat' dir='ltr'><strong>vitiosa</strong></span> <span class='ocrx_word' id='word_1_61' title='bbox 469 871 585 930; x_wconf 90' lang='lat' dir='ltr'><strong>iactatio</strong></span> <span class='ocrx_word' id='word_1_62' title='bbox 600 871 674 928; x_wconf 88' lang='lat' dir='ltr'><strong>inter</strong></span> <span class='ocrx_word' id='word_1_63' title='bbox 691 868 845 947; x_wconf 84' lang='lat' dir='ltr'><strong>plausores</strong></span> <span class='ocrx_word' id='word_1_64' title='bbox 861 885 931 928; x_wconf 87' lang='lat' dir='ltr'><strong>suos</strong></span> <span class='ocrx_word' id='word_1_65' title='bbox 948 869 1096 930; x_wconf 84' lang='lat' dir='ltr'><strong>detonuit:</strong></span> <span class='ocrx_word' id='word_1_66' title='bbox 1114 888 1161 930; x_wconf 93' lang='lat' dir='ltr'><strong>re·</strong></span> 
     </span>
     <span class='ocr_line' id='line_1_9' title="bbox 155 952 1163 1032; baseline -0.001 -20"><span class='ocrx_word' id='word_1_67' title='bbox 155 955 247 1031; x_wconf 76' lang='lat' dir='ltr'><strong>surgit</strong></span> <span class='ocrx_word' id='word_1_68' title='bbox 268 971 359 1014; x_wconf 88' lang='lat' dir='ltr'><strong>verae</strong></span> <span class='ocrx_word' id='word_1_69' title='bbox 381 955 495 1013; x_wconf 83' lang='lat' dir='ltr'><strong>virtutis</strong></span> <span class='ocrx_word' id='word_1_70' title='bbox 515 953 620 1013; x_wconf 83' lang='lat' dir='ltr'><strong>fortior</strong></span> <span class='ocrx_word' id='word_1_71' title='bbox 640 952 732 1028; x_wconf 86' lang='lat' dir='ltr'><strong>lama,</strong></span> <span class='ocrx_word' id='word_1_72' title='bbox 761 970 817 1012; x_wconf 95' lang='lat' dir='ltr'><strong>nec</strong></span> <span class='ocrx_word' id='word_1_73' title='bbox 835 952 963 1029; x_wconf 89' lang='lat' dir='ltr'><strong>iudices,</strong></span> <span class='ocrx_word' id='word_1_74' title='bbox 993 969 1084 1032; x_wconf 89' lang='lat' dir='ltr'><strong>aquo</strong></span> <span class='ocrx_word' id='word_1_75' title='bbox 1106 954 1163 1013; x_wconf 86' lang='lat' dir='ltr'><strong>sint</strong></span> 
     </span>
     <span class='ocr_line' id='line_1_10' title="bbox 154 1036 1168 1115; baseline 0 -18"><span class='ocrx_word' id='word_1_76' title='bbox 154 1039 240 1115; x_wconf 90' lang='lat' dir='ltr'><strong>moti,</strong></span> <span class='ocrx_word' id='word_1_77' title='bbox 257 1036 454 1112; x_wconf 85' lang='lat' dir='ltr'><strong>dissimulant,</strong></span> <span class='ocrx_word' id='word_1_78' title='bbox 478 1046 507 1098; x_wconf 93' lang='lat' dir='ltr'><strong>et</strong></span> <span class='ocrx_word' id='word_1_79' title='bbox 523 1036 617 1097; x_wconf 90' lang='lat' dir='ltr'><strong>doctis</strong></span> <span class='ocrx_word' id='word_1_80' title='bbox 633 1036 776 1112; x_wconf 90' lang='lat' dir='ltr'><strong>creditur,</strong></span> <span class='ocrx_word' id='word_1_81' title='bbox 798 1053 854 1097; x_wconf 88' lang='lat' dir='ltr'><strong>uec</strong></span> <span class='ocrx_word' id='word_1_82' title='bbox 873 1045 919 1097; x_wconf 90' lang='lat' dir='ltr'><strong>est</strong></span> <span class='ocrx_word' id='word_1_83' title='bbox 936 1037 1076 1097; x_wconf 90' lang='lat' dir='ltr'><strong>orationis</strong></span> <span class='ocrx_word' id='word_1_84' title='bbox 1090 1036 1168 1097; x_wconf 85' lang='lat' dir='ltr'><strong>vera</strong></span> 
     </span>
    </p>

    <p class='ocr_par' dir='ltr' id='par_1_4' title="bbox 126 1119 1164 1704">
     <span class='ocr_line' id='line_1_11' title="bbox 126 1119 1162 1198; baseline -0.006 -12"><span class='ocrx_word' id='word_1_85' title='bbox 126 1120 229 1198; x_wconf 79' lang='lat' dir='ltr'><strong>olaus,</strong></span> <span class='ocrx_word' id='word_1_86' title='bbox 248 1121 304 1181; x_wconf 92' lang='lat' dir='ltr'><strong>uisi</strong></span> <span class='ocrx_word' id='word_1_87' title='bbox 319 1139 384 1182; x_wconf 89' lang='lat' dir='ltr'><strong>cum</strong></span> <span class='ocrx_word' id='word_1_88' title='bbox 399 1121 478 1182; x_wconf 90' lang='lat' dir='ltr'><strong>linita</strong></span> <span class='ocrx_word' id='word_1_89' title='bbox 493 1130 549 1183; x_wconf 89' lang='lat' dir='ltr'><strong>est.</strong></span> <span class='ocrx_word' id='word_1_90' title='bbox 574 1119 734 1181; x_wconf 84' lang='lat' dir='ltr'><strong>Veteribus</strong></span> <span class='ocrx_word' id='word_1_91' title='bbox 749 1120 864 1198; x_wconf 87' lang='lat' dir='ltr'><strong>quidem</strong></span> <span class='ocrx_word' id='word_1_92' title='bbox 879 1122 966 1182; x_wconf 88' lang='lat' dir='ltr'><strong>etiam</strong></span> <span class='ocrx_word' id='word_1_93' title='bbox 979 1119 1162 1181; x_wconf 88' lang='lat' dir='ltr'><strong>dissimulare</strong></span> 
     </span>
     <span class='ocr_line' id='line_1_12' title="bbox 156 1202 1161 1285; baseline -0.001 -20"><span class='ocrx_word' id='word_1_94' title='bbox 156 1205 351 1285; x_wconf 89' lang='lat' dir='ltr'><strong>eloquentiam</strong></span> <span class='ocrx_word' id='word_1_95' title='bbox 374 1204 426 1265; x_wconf 90' lang='lat' dir='ltr'><strong>init</strong></span> <span class='ocrx_word' id='word_1_96' title='bbox 447 1207 553 1280; x_wconf 87' lang='lat' dir='ltr'><strong>moris,</strong></span> <span class='ocrx_word' id='word_1_97' title='bbox 579 1202 890 1285; x_wconf 68' lang='lat' dir='ltr'><strong>immittamus</strong></span> <span class='ocrx_word' id='word_1_98' title='bbox 912 1206 1074 1283; x_wconf 90' lang='lat' dir='ltr'><strong>praecipit,</strong></span> <span class='ocrx_word' id='word_1_99' title='bbox 1103 1221 1161 1282; x_wconf 94' lang='lat' dir='ltr'><strong>quo</strong></span> 
     </span>
     <span class='ocr_line' id='line_1_13' title="bbox 156 1288 1163 1368; baseline 0.001 -20"><span class='ocrx_word' id='word_1_100' title='bbox 156 1288 221 1368; x_wconf 92' lang='lat' dir='ltr'><strong>plus</strong></span> <span class='ocrx_word' id='word_1_101' title='bbox 244 1288 405 1351; x_wconf 83' lang='lat' dir='ltr'><strong>dicentibus</strong></span> <span class='ocrx_word' id='word_1_102' title='bbox 426 1288 494 1352; x_wconf 88' lang='lat' dir='ltr'><strong>lidei</strong></span> <span class='ocrx_word' id='word_1_103' title='bbox 511 1290 663 1366; x_wconf 86' lang='lat' dir='ltr'><strong>minusque</strong></span> <span class='ocrx_word' id='word_1_104' title='bbox 685 1297 844 1366; x_wconf 86' lang='lat' dir='ltr'><strong>suspectae</strong></span> <span class='ocrx_word' id='word_1_105' title='bbox 864 1288 1072 1349; x_wconf 84' lang='lat' dir='ltr'><strong>advocatorum</strong></span> <span class='ocrx_word' id='word_1_106' title='bbox 1093 1290 1163 1349; x_wconf 87' lang='lat' dir='ltr'><strong>iusi-</strong></span> 
     </span>
     <span class='ocr_line' id='line_1_14' title="bbox 155 1370 1162 1451; baseline -0.002 -17"><span class='ocrx_word' id='word_1_107' title='bbox 155 1373 220 1434; x_wconf 87' lang='lat' dir='ltr'><strong>diae</strong></span> <span class='ocrx_word' id='word_1_108' title='bbox 236 1372 343 1433; x_wconf 90' lang='lat' dir='ltr'><strong>lorent.</strong></span> <span class='ocrx_word' id='word_1_109' title='bbox 370 1371 431 1433; x_wconf 88' lang='lat' dir='ltr'><strong>Sed</strong></span> <span class='ocrx_word' id='word_1_110' title='bbox 445 1372 496 1433; x_wconf 87' lang='lat' dir='ltr'><strong>illa</strong></span> <span class='ocrx_word' id='word_1_111' title='bbox 510 1370 693 1448; x_wconf 89' lang='lat' dir='ltr'><strong>dissimulari,</strong></span> <span class='ocrx_word' id='word_1_112' title='bbox 710 1390 785 1451; x_wconf 88' lang='lat' dir='ltr'><strong>quae</strong></span> <span class='ocrx_word' id='word_1_113' title='bbox 801 1382 859 1433; x_wconf 91' lang='lat' dir='ltr'><strong>tum</strong></span> <span class='ocrx_word' id='word_1_114' title='bbox 876 1380 948 1447; x_wconf 90' lang='lat' dir='ltr'><strong>erat,</strong></span> <span class='ocrx_word' id='word_1_115' title='bbox 967 1372 1075 1451; x_wconf 90' lang='lat' dir='ltr'><strong>potuit;</strong></span> <span class='ocrx_word' id='word_1_116' title='bbox 1091 1389 1162 1432; x_wconf 91' lang='lat' dir='ltr'><strong>non·</strong></span> 
     </span>
     <span class='ocr_line' id='line_1_15' title="bbox 156 1455 1164 1535; baseline 0 -19"><span class='ocrx_word' id='word_1_117' title='bbox 156 1456 222 1517; x_wconf 89' lang='lat' dir='ltr'><strong>dum</strong></span> <span class='ocrx_word' id='word_1_118' title='bbox 246 1457 321 1516; x_wconf 89' lang='lat' dir='ltr'><strong>enim</strong></span> <span class='ocrx_word' id='word_1_119' title='bbox 344 1464 452 1516; x_wconf 88' lang='lat' dir='ltr'><strong>tantum</strong></span> <span class='ocrx_word' id='word_1_120' title='bbox 475 1455 591 1518; x_wconf 86' lang='lat' dir='ltr'><strong>dicendi</strong></span> <span class='ocrx_word' id='word_1_121' title='bbox 610 1455 708 1517; x_wconf 88' lang='lat' dir='ltr'><strong>lumen</strong></span> <span class='ocrx_word' id='word_1_122' title='bbox 730 1465 917 1532; x_wconf 87' lang='lat' dir='ltr'><strong>accesserat,</strong></span> <span class='ocrx_word' id='word_1_123' title='bbox 944 1465 974 1516; x_wconf 90' lang='lat' dir='ltr'><strong>ut</strong></span> <span class='ocrx_word' id='word_1_124' title='bbox 998 1459 1085 1517; x_wconf 90' lang='lat' dir='ltr'><strong>etiam</strong></span> <span class='ocrx_word' id='word_1_125' title='bbox 1110 1475 1164 1535; x_wconf 89' lang='lat' dir='ltr'><strong>per</strong></span> 
     </span>
     <span class='ocr_line' id='line_1_16' title="bbox 157 1539 1163 1619; baseline 0 -20"><span class='ocrx_word' id='word_1_126' title='bbox 157 1539 302 1600; x_wconf 89' lang='lat' dir='ltr'><strong>obstantia</strong></span> <span class='ocrx_word' id='word_1_127' title='bbox 318 1548 494 1617; x_wconf 87' lang='lat' dir='ltr'><strong>erumperet.</strong></span> <span class='ocrx_word' id='word_1_128' title='bbox 531 1539 630 1614; x_wconf 79' lang='lat' dir='ltr'><strong>Quare</strong></span> <span class='ocrx_word' id='word_1_129' title='bbox 644 1548 723 1601; x_wconf 87' lang='lat' dir='ltr'><strong>artos</strong></span> <span class='ocrx_word' id='word_1_130' title='bbox 739 1540 855 1619; x_wconf 86' lang='lat' dir='ltr'><strong>quidem</strong></span> <span class='ocrx_word' id='word_1_131' title='bbox 870 1549 901 1603; x_wconf 86' lang='lat' dir='ltr'><strong>at</strong></span> <span class='ocrx_word' id='word_1_132' title='bbox 916 1540 1038 1601; x_wconf 89' lang='lat' dir='ltr'><strong>consilia</strong></span> <span class='ocrx_word' id='word_1_133' title='bbox 1053 1540 1163 1601; x_wconf 89' lang='lat' dir='ltr'><strong>lateant</strong></span> 
     </span>
     <span class='ocr_line' id='line_1_17' title="bbox 156 1621 1163 1704; baseline 0.002 -22"><span class='ocrx_word' id='word_1_134' title='bbox 156 1631 186 1682; x_wconf 90' lang='lat' dir='ltr'><strong>et</strong></span> <span class='ocrx_word' id='word_1_135' title='bbox 208 1621 362 1702; x_wconf 90' lang='lat' dir='ltr'><strong>quidquid,</strong></span> <span class='ocrx_word' id='word_1_136' title='bbox 387 1625 412 1683; x_wconf 91' lang='lat' dir='ltr'><strong>si</strong></span> <span class='ocrx_word' id='word_1_137' title='bbox 435 1623 678 1702; x_wconf 81' lang='lat' dir='ltr'><strong>deprehenditur,</strong></span> <span class='ocrx_word' id='word_1_138' title='bbox 703 1626 788 1703; x_wconf 90' lang='lat' dir='ltr'><strong>perit.</strong></span> <span class='ocrx_word' id='word_1_139' title='bbox 824 1624 971 1685; x_wconf 87' lang='lat' dir='ltr'><strong>Hactenus</strong></span> <span class='ocrx_word' id='word_1_140' title='bbox 994 1624 1163 1704; x_wconf 89' lang='lat' dir='ltr'><strong>eloquentia</strong></span> 
     </span>
    </p>

    <p class='ocr_par' dir='ltr' id='par_1_5' title="bbox 127 1706 1164 2293">
     <span class='ocr_line' id='line_1_18' title="bbox 127 1706 1162 1788; baseline -0.003 -18"><span class='ocrx_word' id='word_1_141' title='bbox 127 1715 303 1770; x_wconf 81' lang='lat' dir='ltr'><strong>tisecretum</strong></span> <span class='ocrx_word' id='word_1_142' title='bbox 326 1706 424 1767; x_wconf 91' lang='lat' dir='ltr'><strong>habet.</strong></span> <span class='ocrx_word' id='word_1_143' title='bbox 454 1707 619 1770; x_wconf 86' lang='lat' dir='ltr'><strong>Verborum</strong></span> <span class='ocrx_word' id='word_1_144' title='bbox 639 1707 755 1786; x_wconf 90' lang='lat' dir='ltr'><strong>quidem</strong></span> <span class='ocrx_word' id='word_1_145' title='bbox 778 1707 928 1784; x_wconf 90' lang='lat' dir='ltr'><strong>delectus,</strong></span> <span class='ocrx_word' id='word_1_146' title='bbox 949 1709 1079 1788; x_wconf 79' lang='lat' dir='ltr'><strong>gravitas</strong></span> <span class='ocrx_word' id='word_1_147' title='bbox 1097 1727 1162 1769; x_wconf 92' lang='lat' dir='ltr'><strong>sen-</strong></span> 
     </span>
     <span class='ocr_line' id='line_1_19' title="bbox 155 1790 1161 1871; baseline 0.001 -22"><span class='ocrx_word' id='word_1_148' title='bbox 155 1792 325 1866; x_wconf 88' lang='lat' dir='ltr'><strong>tentiarum,</strong></span> <span class='ocrx_word' id='word_1_149' title='bbox 353 1790 509 1869; x_wconf 83' lang='lat' dir='ltr'><strong>figurarum</strong></span> <span class='ocrx_word' id='word_1_150' title='bbox 534 1792 679 1870; x_wconf 80' lang='lat' dir='ltr'><strong>elegantia</strong></span> <span class='ocrx_word' id='word_1_151' title='bbox 705 1801 833 1853; x_wconf 89' lang='lat' dir='ltr'><strong>autnon</strong></span> <span class='ocrx_word' id='word_1_152' title='bbox 854 1800 919 1852; x_wconf 87' lang='lat' dir='ltr'><strong>sunt</strong></span> <span class='ocrx_word' id='word_1_153' title='bbox 941 1802 989 1853; x_wconf 90' lang='lat' dir='ltr'><strong>aut</strong></span> <span class='ocrx_word' id='word_1_154' title='bbox 1010 1802 1161 1871; x_wconf 86' lang='lat' dir='ltr'><strong>apparent.</strong></span> 
     </span>
     <span class='ocr_line' id='line_1_20' title="bbox 155 1875 1161 1957; baseline 0.001 -22"><span class='ocrx_word' id='word_1_155' title='bbox 155 1875 215 1935; x_wconf 88' lang='lat' dir='ltr'><strong>Sed</strong></span> <span class='ocrx_word' id='word_1_156' title='bbox 231 1884 353 1954; x_wconf 92' lang='lat' dir='ltr'><strong>propter</strong></span> <span class='ocrx_word' id='word_1_157' title='bbox 367 1876 425 1936; x_wconf 91' lang='lat' dir='ltr'><strong>boc</strong></span> <span class='ocrx_word' id='word_1_158' title='bbox 440 1878 534 1955; x_wconf 90' lang='lat' dir='ltr'><strong>ipsum</strong></span> <span class='ocrx_word' id='word_1_159' title='bbox 549 1876 729 1942; x_wconf 88' lang='lat' dir='ltr'><strong>ostendenda</strong></span> <span class='ocrx_word' id='word_1_160' title='bbox 744 1893 802 1937; x_wconf 93' lang='lat' dir='ltr'><strong>non</strong></span> <span class='ocrx_word' id='word_1_161' title='bbox 816 1885 892 1953; x_wconf 87' lang='lat' dir='ltr'><strong>sunt,</strong></span> <span class='ocrx_word' id='word_1_162' title='bbox 911 1876 990 1957; x_wconf 96' lang='lat' dir='ltr'><strong>quod</strong></span> <span class='ocrx_word' id='word_1_163' title='bbox 1005 1885 1161 1954; x_wconf 89' lang='lat' dir='ltr'><strong>apparent;</strong></span> 
     </span>
     <span class='ocr_line' id='line_1_21' title="bbox 155 1959 1164 2040; baseline 0.002 -23"><span class='ocrx_word' id='word_1_164' title='bbox 155 1976 190 2018; x_wconf 87' lang='lat' dir='ltr'><strong>ac</strong></span> <span class='ocrx_word' id='word_1_165' title='bbox 205 1960 230 2018; x_wconf 92' lang='lat' dir='ltr'><strong>si</strong></span> <span class='ocrx_word' id='word_1_166' title='bbox 246 1977 331 2020; x_wconf 91' lang='lat' dir='ltr'><strong>unum</strong></span> <span class='ocrx_word' id='word_1_167' title='bbox 352 1961 389 2019; x_wconf 86' lang='lat' dir='ltr'><strong>sit</strong></span> <span class='ocrx_word' id='word_1_168' title='bbox 410 1977 449 2020; x_wconf 83' lang='lat' dir='ltr'><strong>ex</strong></span> <span class='ocrx_word' id='word_1_169' title='bbox 466 1959 578 2021; x_wconf 91' lang='lat' dir='ltr'><strong>duobus</strong></span> <span class='ocrx_word' id='word_1_170' title='bbox 595 1960 777 2039; x_wconf 81' lang='lat' dir='ltr'><strong>eligendum:</strong></span> <span class='ocrx_word' id='word_1_171' title='bbox 801 1978 889 2022; x_wconf 90' lang='lat' dir='ltr'><strong>causa</strong></span> <span class='ocrx_word' id='word_1_172' title='bbox 910 1961 1007 2040; x_wconf 89' lang='lat' dir='ltr'><strong>potius</strong></span> <span class='ocrx_word' id='word_1_173' title='bbox 1030 1960 1164 2021; x_wconf 78' lang='lat' dir='ltr'><strong>laudetur</strong></span> 
     </span>
     <span class='ocr_line' id='line_1_22' title="bbox 156 2043 1162 2125; baseline 0.001 -23"><span class='ocrx_word' id='word_1_174' title='bbox 156 2060 240 2121; x_wconf 90' lang='lat' dir='ltr'><strong>quam</strong></span> <span class='ocrx_word' id='word_1_175' title='bbox 258 2052 407 2121; x_wconf 76' lang='lat' dir='ltr'><strong>patronus.</strong></span> <span class='ocrx_word' id='word_1_176' title='bbox 439 2043 540 2105; x_wconf 82' lang='lat' dir='ltr'><strong>Finem</strong></span> <span class='ocrx_word' id='word_1_177' title='bbox 555 2054 651 2105; x_wconf 88' lang='lat' dir='ltr'><strong>tamen</strong></span> <span class='ocrx_word' id='word_1_178' title='bbox 665 2045 742 2106; x_wconf 90' lang='lat' dir='ltr'><strong>bunc</strong></span> <span class='ocrx_word' id='word_1_179' title='bbox 756 2045 917 2125; x_wconf 87' lang='lat' dir='ltr'><strong>praestabit</strong></span> <span class='ocrx_word' id='word_1_180' title='bbox 934 2054 1049 2120; x_wconf 91' lang='lat' dir='ltr'><strong>orator,</strong></span> <span class='ocrx_word' id='word_1_181' title='bbox 1074 2053 1107 2104; x_wconf 90' lang='lat' dir='ltr'><strong>ut</strong></span> <span class='ocrx_word' id='word_1_182' title='bbox 1121 2046 1162 2104; x_wconf 90' lang='lat' dir='ltr'><strong>vi·</strong></span> 
     </span>
     <span class='ocr_line' id='line_1_23' title="bbox 158 2126 1162 2208; baseline 0.002 -22"><span class='ocrx_word' id='word_1_183' title='bbox 158 2126 259 2187; x_wconf 93' lang='lat' dir='ltr'><strong>deatur</strong></span> <span class='ocrx_word' id='word_1_184' title='bbox 283 2128 419 2206; x_wconf 88' lang='lat' dir='ltr'><strong>optimam</strong></span> <span class='ocrx_word' id='word_1_185' title='bbox 444 2146 561 2189; x_wconf 88' lang='lat' dir='ltr'><strong>causam</strong></span> <span class='ocrx_word' id='word_1_186' title='bbox 585 2130 693 2208; x_wconf 92' lang='lat' dir='ltr'><strong>optime</strong></span> <span class='ocrx_word' id='word_1_187' title='bbox 718 2131 827 2207; x_wconf 83' lang='lat' dir='ltr'><strong>egisse.</strong></span> <span class='ocrx_word' id='word_1_188' title='bbox 861 2129 936 2191; x_wconf 92' lang='lat' dir='ltr'><strong>lllud</strong></span> <span class='ocrx_word' id='word_1_189' title='bbox 960 2137 1072 2189; x_wconf 90' lang='lat' dir='ltr'><strong>certum</strong></span> <span class='ocrx_word' id='word_1_190' title='bbox 1096 2130 1162 2203; x_wconf 91' lang='lat' dir='ltr'><strong>erit,</strong></span> 
     </span>
     <span class='ocr_line' id='line_1_24' title="bbox 155 2211 1162 2293; baseline 0.003 -24"><span class='ocrx_word' id='word_1_191' title='bbox 155 2211 300 2270; x_wconf 90' lang='lat' dir='ltr'><strong>neminem</strong></span> <span class='ocrx_word' id='word_1_192' title='bbox 322 2213 406 2289; x_wconf 87' lang='lat' dir='ltr'><strong>peius</strong></span> <span class='ocrx_word' id='word_1_193' title='bbox 428 2229 519 2290; x_wconf 81' lang='lat' dir='ltr'><strong>agere</strong></span> <span class='ocrx_word' id='word_1_194' title='bbox 547 2231 631 2291; x_wconf 88' lang='lat' dir='ltr'><strong>quam</strong></span> <span class='ocrx_word' id='word_1_195' title='bbox 652 2215 701 2293; x_wconf 91' lang='lat' dir='ltr'><strong>qui</strong></span> <span class='ocrx_word' id='word_1_196' title='bbox 729 2214 904 2292; x_wconf 83' lang='lat' dir='ltr'><strong>displicente</strong></span> <span class='ocrx_word' id='word_1_197' title='bbox 934 2231 1022 2275; x_wconf 89' lang='lat' dir='ltr'><strong>causa</strong></span> <span class='ocrx_word' id='word_1_198' title='bbox 1047 2212 1162 2291; x_wconf 87' lang='lat' dir='ltr'><strong>plaeet;</strong></span> 
     </span>
    </p>

    <p class='ocr_par' dir='ltr' id='par_1_6' title="bbox 127 2295 1163 2796">
     <span class='ocr_line' id='line_1_25' title="bbox 127 2295 1163 2378; baseline 0.005 -27"><span class='ocrx_word' id='word_1_199' title='bbox 127 2303 283 2359; x_wconf 79' lang='lat' dir='ltr'><strong>tneoesse</strong></span> <span class='ocrx_word' id='word_1_200' title='bbox 305 2303 351 2354; x_wconf 90' lang='lat' dir='ltr'><strong>est</strong></span> <span class='ocrx_word' id='word_1_201' title='bbox 373 2296 448 2355; x_wconf 88' lang='lat' dir='ltr'><strong>enim</strong></span> <span class='ocrx_word' id='word_1_202' title='bbox 470 2306 553 2359; x_wconf 84' lang='lat' dir='ltr'><strong>extra</strong></span> <span class='ocrx_word' id='word_1_203' title='bbox 576 2315 692 2368; x_wconf 81' lang='lat' dir='ltr'><strong>causam</strong></span> <span class='ocrx_word' id='word_1_204' title='bbox 712 2299 765 2374; x_wconf 90' lang='lat' dir='ltr'><strong>sit,</strong></span> <span class='ocrx_word' id='word_1_205' title='bbox 787 2298 866 2378; x_wconf 93' lang='lat' dir='ltr'><strong>qnod</strong></span> <span class='ocrx_word' id='word_1_206' title='bbox 883 2298 991 2376; x_wconf 89' lang='lat' dir='ltr'><strong>placet.</strong></span> <span class='ocrx_word' id='word_1_207' title='bbox 1025 2295 1090 2356; x_wconf 92' lang='lat' dir='ltr'><strong>Nec</strong></span> <span class='ocrx_word' id='word_1_208' title='bbox 1111 2296 1163 2358; x_wconf 92' lang='lat' dir='ltr'><strong>illo</strong></span> 
     </span>
     <span class='ocr_line' id='line_1_26' title="bbox 156 2375 1161 2460; baseline 0.002 -22"><span class='ocrx_word' id='word_1_209' title='bbox 156 2375 271 2438; x_wconf 85' lang='lat' dir='ltr'><strong>fastidio</strong></span> <span class='ocrx_word' id='word_1_210' title='bbox 288 2376 431 2439; x_wconf 86' lang='lat' dir='ltr'><strong>laborabit</strong></span> <span class='ocrx_word' id='word_1_211' title='bbox 449 2388 549 2441; x_wconf 90' lang='lat' dir='ltr'><strong>orator</strong></span> <span class='ocrx_word' id='word_1_212' title='bbox 562 2399 620 2441; x_wconf 91' lang='lat' dir='ltr'><strong>non</strong></span> <span class='ocrx_word' id='word_1_213' title='bbox 635 2382 742 2460; x_wconf 78' lang='lat' dir='ltr'><strong>agendi</strong></span> <span class='ocrx_word' id='word_1_214' title='bbox 756 2400 860 2443; x_wconf 87' lang='lat' dir='ltr'><strong>causas</strong></span> <span class='ocrx_word' id='word_1_215' title='bbox 874 2384 1013 2458; x_wconf 87' lang='lat' dir='ltr'><strong>minores,</strong></span> <span class='ocrx_word' id='word_1_216' title='bbox 1028 2390 1161 2459; x_wconf 82' lang='lat' dir='ltr'><strong>tanquan</strong></span> 
     </span>
     <span class='ocr_line' id='line_1_27' title="bbox 156 2462 1162 2544; baseline 0.006 -24"><span class='ocrx_word' id='word_1_217' title='bbox 156 2462 229 2521; x_wconf 88' lang='lat' dir='ltr'><strong>inira</strong></span> <span class='ocrx_word' id='word_1_218' title='bbox 248 2479 312 2521; x_wconf 89' lang='lat' dir='ltr'><strong>eum</strong></span> <span class='ocrx_word' id='word_1_219' title='bbox 329 2464 385 2522; x_wconf 90' lang='lat' dir='ltr'><strong>sint</strong></span> <span class='ocrx_word' id='word_1_220' title='bbox 400 2472 448 2524; x_wconf 90' lang='lat' dir='ltr'><strong>aut</strong></span> <span class='ocrx_word' id='word_1_221' title='bbox 465 2463 632 2526; x_wconf 87' lang='lat' dir='ltr'><strong>detractura</strong></span> <span class='ocrx_word' id='word_1_222' title='bbox 646 2469 684 2526; x_wconf 91' lang='lat' dir='ltr'><strong>sit</strong></span> <span class='ocrx_word' id='word_1_223' title='bbox 699 2466 827 2544; x_wconf 92' lang='lat' dir='ltr'><strong>opinioni</strong></span> <span class='ocrx_word' id='word_1_224' title='bbox 842 2468 934 2527; x_wconf 90' lang='lat' dir='ltr'><strong>minus</strong></span> <span class='ocrx_word' id='word_1_225' title='bbox 951 2465 1084 2527; x_wconf 89' lang='lat' dir='ltr'><strong>liberalis</strong></span> <span class='ocrx_word' id='word_1_226' title='bbox 1105 2483 1162 2526; x_wconf 92' lang='lat' dir='ltr'><strong>ma·</strong></span> 
     </span>
     <span class='ocr_line' id='line_1_28' title="bbox 157 2545 1163 2628; baseline 0.002 -23"><span class='ocrx_word' id='word_1_227' title='bbox 157 2546 240 2605; x_wconf 89' lang='lat' dir='ltr'><strong>teria.</strong></span> <span class='ocrx_word' id='word_1_228' title='bbox 285 2545 357 2607; x_wconf 89' lang='lat' dir='ltr'><strong>Nam</strong></span> <span class='ocrx_word' id='word_1_229' title='bbox 377 2556 405 2607; x_wconf 92' lang='lat' dir='ltr'><strong>et</strong></span> <span class='ocrx_word' id='word_1_230' title='bbox 423 2549 600 2628; x_wconf 88' lang='lat' dir='ltr'><strong>suscipiendi</strong></span> <span class='ocrx_word' id='word_1_231' title='bbox 618 2552 691 2611; x_wconf 92' lang='lat' dir='ltr'><strong>ratio</strong></span> <span class='ocrx_word' id='word_1_232' title='bbox 715 2551 870 2611; x_wconf 89' lang='lat' dir='ltr'><strong>iustissima</strong></span> <span class='ocrx_word' id='word_1_233' title='bbox 895 2560 941 2610; x_wconf 89' lang='lat' dir='ltr'><strong>est</strong></span> <span class='ocrx_word' id='word_1_234' title='bbox 962 2549 1107 2626; x_wconf 87' lang='lat' dir='ltr'><strong>cilicium,</strong></span> <span class='ocrx_word' id='word_1_235' title='bbox 1135 2557 1163 2608; x_wconf 94' lang='lat' dir='ltr'><strong>et</strong></span> 
     </span>
     <span class='ocr_line' id='line_1_29' title="bbox 157 2628 1163 2714; baseline 0.003 -25"><span class='ocrx_word' id='word_1_236' title='bbox 157 2628 312 2709; x_wconf 88' lang='lat' dir='ltr'><strong>optandum</strong></span> <span class='ocrx_word' id='word_1_237' title='bbox 333 2634 435 2708; x_wconf 88' lang='lat' dir='ltr'><strong>etiam,</strong></span> <span class='ocrx_word' id='word_1_238' title='bbox 465 2642 496 2693; x_wconf 93' lang='lat' dir='ltr'><strong>ut</strong></span> <span class='ocrx_word' id='word_1_239' title='bbox 517 2635 600 2694; x_wconf 92' lang='lat' dir='ltr'><strong>amici</strong></span> <span class='ocrx_word' id='word_1_240' title='bbox 623 2653 708 2714; x_wconf 89' lang='lat' dir='ltr'><strong>quam</strong></span> <span class='ocrx_word' id='word_1_241' title='bbox 730 2636 858 2694; x_wconf 89' lang='lat' dir='ltr'><strong>minimas</strong></span> <span class='ocrx_word' id='word_1_242' title='bbox 876 2635 943 2694; x_wconf 88' lang='lat' dir='ltr'><strong>lites</strong></span> <span class='ocrx_word' id='word_1_243' title='bbox 965 2633 1105 2702; x_wconf 91' lang='lat' dir='ltr'><strong>habeant;</strong></span> <span class='ocrx_word' id='word_1_244' title='bbox 1135 2641 1163 2692; x_wconf 91' lang='lat' dir='ltr'><strong>et</strong></span> 
     </span>
     <span class='ocr_line' id='line_1_30' title="bbox 158 2713 850 2796; baseline 0.007 -24"><span class='ocrx_word' id='word_1_245' title='bbox 158 2713 271 2774; x_wconf 91' lang='lat' dir='ltr'><strong>abunde</strong></span> <span class='ocrx_word' id='word_1_246' title='bbox 288 2715 358 2775; x_wconf 84' lang='lat' dir='ltr'><strong>dixit</strong></span> <span class='ocrx_word' id='word_1_247' title='bbox 374 2715 467 2793; x_wconf 89' lang='lat' dir='ltr'><strong>bene,</strong></span> <span class='ocrx_word' id='word_1_248' title='bbox 490 2719 621 2796; x_wconf 90' lang='lat' dir='ltr'><strong>quisquis</strong></span> <span class='ocrx_word' id='word_1_249' title='bbox 636 2720 680 2779; x_wconf 91' lang='lat' dir='ltr'><strong>rei</strong></span> <span class='ocrx_word' id='word_1_250' title='bbox 697 2718 850 2779; x_wconf 86' lang='lat' dir='ltr'><strong>satisfecit.</strong></span> 
     </span>
    </p>

    <p class='ocr_par' dir='ltr' id='par_1_7' title="bbox 129 2797 1163 3302">
     <span class='ocr_line' id='line_1_31' title="bbox 129 2797 1162 2881; baseline 0.004 -24"><span class='ocrx_word' id='word_1_251' title='bbox 129 2805 146 2858; x_wconf 82' lang='grc'>8</span> <span class='ocrx_word' id='word_1_252' title='bbox 241 2797 280 2858; x_wconf 87' lang='lat' dir='ltr'><strong>At</strong></span> <span class='ocrx_word' id='word_1_253' title='bbox 296 2799 427 2877; x_wconf 89' lang='lat' dir='ltr'><strong>quidam,</strong></span> <span class='ocrx_word' id='word_1_254' title='bbox 450 2802 562 2861; x_wconf 86' lang='lat' dir='ltr'><strong>etiamsi</strong></span> <span class='ocrx_word' id='word_1_255' title='bbox 579 2801 656 2863; x_wconf 89' lang='lat' dir='ltr'><strong>lorte</strong></span> <span class='ocrx_word' id='word_1_256' title='bbox 674 2812 868 2881; x_wconf 87' lang='lat' dir='ltr'><strong>susceperunt</strong></span> <span class='ocrx_word' id='word_1_257' title='bbox 888 2803 1007 2881; x_wconf 75' lang='lat' dir='ltr'><strong>negotia</strong></span> <span class='ocrx_word' id='word_1_258' title='bbox 1022 2800 1112 2880; x_wconf 89' lang='lat' dir='ltr'><strong>paulo</strong></span> <span class='ocrx_word' id='word_1_259' title='bbox 1128 2799 1162 2862; x_wconf 88' lang='lat' dir='ltr'><strong>ad</strong></span> 
     </span>
     <span class='ocr_line' id='line_1_32' title="bbox 158 2879 1161 2962; baseline 0.008 -25"><span class='ocrx_word' id='word_1_260' title='bbox 158 2879 311 2941; x_wconf 88' lang='lat' dir='ltr'><strong>dicendum</strong></span> <span class='ocrx_word' id='word_1_261' title='bbox 334 2884 483 2962; x_wconf 85' lang='lat' dir='ltr'><strong>tenuiora,</strong></span> <span class='ocrx_word' id='word_1_262' title='bbox 513 2887 696 2948; x_wconf 85' lang='lat' dir='ltr'><strong>extrinsecus</strong></span> <span class='ocrx_word' id='word_1_263' title='bbox 717 2887 849 2949; x_wconf 87' lang='lat' dir='ltr'><strong>adductis</strong></span> <span class='ocrx_word' id='word_1_264' title='bbox 873 2905 909 2948; x_wconf 86' lang='lat' dir='ltr'><strong>ea</strong></span> <span class='ocrx_word' id='word_1_265' title='bbox 929 2885 1018 2947; x_wconf 89' lang='lat' dir='ltr'><strong>rebus</strong></span> <span class='ocrx_word' id='word_1_266' title='bbox 1040 2886 1161 2946; x_wconf 90' lang='lat' dir='ltr'><strong>circum·</strong></span> 
     </span>
     <span class='ocr_line' id='line_1_33' title="bbox 157 2962 1161 3049; baseline 0.008 -28"><span class='ocrx_word' id='word_1_267' title='bbox 157 2962 259 3024; x_wconf 91' lang='lat' dir='ltr'><strong>liniunt</strong></span> <span class='ocrx_word' id='word_1_268' title='bbox 276 2982 328 3041; x_wconf 92' lang='lat' dir='ltr'><strong>ac,</strong></span> <span class='ocrx_word' id='word_1_269' title='bbox 344 2968 369 3026; x_wconf 92' lang='lat' dir='ltr'><strong>si</strong></span> <span class='ocrx_word' id='word_1_270' title='bbox 385 2967 548 3030; x_wconf 85' lang='lat' dir='ltr'><strong>defecerint</strong></span> <span class='ocrx_word' id='word_1_271' title='bbox 563 2969 637 3046; x_wconf 88' lang='lat' dir='ltr'><strong>alia,</strong></span> <span class='ocrx_word' id='word_1_272' title='bbox 659 2971 800 3032; x_wconf 86' lang='lat' dir='ltr'><strong>conviciis</strong></span> <span class='ocrx_word' id='word_1_273' title='bbox 817 2970 938 3049; x_wconf 90' lang='lat' dir='ltr'><strong>implent</strong></span> <span class='ocrx_word' id='word_1_274' title='bbox 950 2986 1043 3030; x_wconf 89' lang='lat' dir='ltr'><strong>vacua</strong></span> <span class='ocrx_word' id='word_1_275' title='bbox 1061 2986 1161 3029; x_wconf 89' lang='lat' dir='ltr'><strong>causa·</strong></span> 
     </span>
     <span class='ocr_line' id='line_1_34' title="bbox 156 3049 1163 3131; baseline 0.007 -26"><span class='ocrx_word' id='word_1_276' title='bbox 156 3064 232 3116; x_wconf 88' lang='lat' dir='ltr'><strong>rum;</strong></span> <span class='ocrx_word' id='word_1_277' title='bbox 254 3049 280 3107; x_wconf 86' lang='lat' dir='ltr'><strong>si</strong></span> <span class='ocrx_word' id='word_1_278' title='bbox 296 3050 454 3130; x_wconf 82' lang='lat' dir='ltr'><strong>contingit,</strong></span> <span class='ocrx_word' id='word_1_279' title='bbox 473 3055 570 3123; x_wconf 87' lang='lat' dir='ltr'><strong>veris;</strong></span> <span class='ocrx_word' id='word_1_280' title='bbox 597 3055 622 3113; x_wconf 87' lang='lat' dir='ltr'><strong>si</strong></span> <span class='ocrx_word' id='word_1_281' title='bbox 636 3057 745 3131; x_wconf 89' lang='lat' dir='ltr'><strong>minus,</strong></span> <span class='ocrx_word' id='word_1_282' title='bbox 768 3056 858 3124; x_wconf 89' lang='lat' dir='ltr'><strong>lictis;</strong></span> <span class='ocrx_word' id='word_1_283' title='bbox 880 3054 967 3116; x_wconf 92' lang='lat' dir='ltr'><strong>modo</strong></span> <span class='ocrx_word' id='word_1_284' title='bbox 988 3055 1027 3115; x_wconf 88' lang='lat' dir='ltr'><strong>sit</strong></span> <span class='ocrx_word' id='word_1_285' title='bbox 1042 3053 1163 3116; x_wconf 91' lang='lat' dir='ltr'><strong>materia</strong></span> 
     </span>
     <span class='ocr_line' id='line_1_35' title="bbox 157 3131 1162 3216; baseline 0.007 -27"><span class='ocrx_word' id='word_1_286' title='bbox 157 3131 266 3208; x_wconf 78' lang='lat' dir='ltr'><strong>ingenii</strong></span> <span class='ocrx_word' id='word_1_287' title='bbox 281 3143 486 3215; x_wconf 83' lang='lat' dir='ltr'><strong>mereaturque</strong></span> <span class='ocrx_word' id='word_1_288' title='bbox 503 3137 659 3198; x_wconf 89' lang='lat' dir='ltr'><strong>clamorem</strong></span> <span class='ocrx_word' id='word_1_289' title='bbox 674 3139 740 3199; x_wconf 88' lang='lat' dir='ltr'><strong>dum</strong></span> <span class='ocrx_word' id='word_1_290' title='bbox 757 3139 869 3199; x_wconf 86' lang='lat' dir='ltr'><strong>dicitur.</strong></span> <span class='ocrx_word' id='word_1_291' title='bbox 904 3137 989 3213; x_wconf 82' lang='lat' dir='ltr'><strong>Quod</strong></span> <span class='ocrx_word' id='word_1_292' title='bbox 1007 3155 1066 3216; x_wconf 81' lang='lat' dir='ltr'><strong>ego</strong></span> <span class='ocrx_word' id='word_1_293' title='bbox 1088 3137 1162 3199; x_wconf 87' lang='lat' dir='ltr'><strong>adeo</strong></span> 
     </span>
     <span class='ocr_line' id='line_1_36' title="bbox 156 3213 1163 3302; baseline 0.007 -28"><span class='ocrx_word' id='word_1_294' title='bbox 156 3213 246 3293; x_wconf 73' lang='lat' dir='ltr'><strong>longe</strong></span> <span class='ocrx_word' id='word_1_295' title='bbox 261 3226 331 3295; x_wconf 90' lang='lat' dir='ltr'><strong>puto</strong></span> <span class='ocrx_word' id='word_1_296' title='bbox 353 3219 390 3281; x_wconf 89' lang='lat' dir='ltr'><strong>ab</strong></span> <span class='ocrx_word' id='word_1_297' title='bbox 408 3229 526 3281; x_wconf 89' lang='lat' dir='ltr'><strong>oratore</strong></span> <span class='ocrx_word' id='word_1_298' title='bbox 540 3220 691 3300; x_wconf 85' lang='lat' dir='ltr'><strong>perfecto,</strong></span> <span class='ocrx_word' id='word_1_299' title='bbox 714 3231 746 3282; x_wconf 91' lang='lat' dir='ltr'><strong>ut</strong></span> <span class='ocrx_word' id='word_1_300' title='bbox 761 3241 826 3283; x_wconf 91' lang='lat' dir='ltr'><strong>eum</strong></span> <span class='ocrx_word' id='word_1_301' title='bbox 840 3242 877 3284; x_wconf 93' lang='lat' dir='ltr'><strong>ne</strong></span> <span class='ocrx_word' id='word_1_302' title='bbox 893 3242 963 3284; x_wconf 81' lang='lat' dir='ltr'><strong>vera</strong></span> <span class='ocrx_word' id='word_1_303' title='bbox 979 3222 1095 3302; x_wconf 93' lang='lat' dir='ltr'><strong>quidem</strong></span> <span class='ocrx_word' id='word_1_304' title='bbox 1113 3221 1163 3282; x_wconf 92' lang='lat' dir='ltr'><strong>ob·</strong></span> 
     </span>
    </p>

    <p class='ocr_par' dir='ltr' id='par_1_8' title="bbox 129 3299 1164 3556">
     <span class='ocr_line' id='line_1_37' title="bbox 129 3299 1163 3386; baseline 0.005 -26"><span class='ocrx_word' id='word_1_305' title='bbox 129 3299 313 3380; x_wconf 85' lang='lat' dir='ltr'><strong>9iecturum,</strong></span> <span class='ocrx_word' id='word_1_306' title='bbox 330 3304 385 3363; x_wconf 89' lang='lat' dir='ltr'><strong>nisi</strong></span> <span class='ocrx_word' id='word_1_307' title='bbox 401 3303 430 3364; x_wconf 93' lang='lat' dir='ltr'><strong>id</strong></span> <span class='ocrx_word' id='word_1_308' title='bbox 446 3320 532 3365; x_wconf 87' lang='lat' dir='ltr'><strong>causa</strong></span> <span class='ocrx_word' id='word_1_309' title='bbox 549 3305 650 3383; x_wconf 79' lang='lat' dir='ltr'><strong>exigit,</strong></span> <span class='ocrx_word' id='word_1_310' title='bbox 669 3306 795 3369; x_wconf 88' lang='lat' dir='ltr'><strong>credam.</strong></span> <span class='ocrx_word' id='word_1_311' title='bbox 828 3306 872 3369; x_wconf 80' lang='lat' dir='ltr'><strong>Ea</strong></span> <span class='ocrx_word' id='word_1_312' title='bbox 887 3316 933 3368; x_wconf 89' lang='lat' dir='ltr'><strong>est</strong></span> <span class='ocrx_word' id='word_1_313' title='bbox 950 3310 1026 3369; x_wconf 87' lang='lat' dir='ltr'><strong>enim</strong></span> <span class='ocrx_word' id='word_1_314' title='bbox 1041 3324 1163 3386; x_wconf 90' lang='lat' dir='ltr'><strong>prorsus</strong></span> 
     </span>
     <span class='ocr_line' id='line_1_38' title="bbox 157 3385 1163 3471; baseline 0.007 -29"><span class='ocrx_word' id='word_1_315' title='bbox 157 3385 290 3465; x_wconf 82' lang='lat' dir='ltr'><strong>caniac,</strong></span> <span class='ocrx_word' id='word_1_316' title='bbox 313 3396 343 3448; x_wconf 91' lang='lat' dir='ltr'><strong>ut</strong></span> <span class='ocrx_word' id='word_1_317' title='bbox 359 3388 397 3448; x_wconf 92' lang='lat' dir='ltr'><strong>ait</strong></span> <span class='ocrx_word' id='word_1_318' title='bbox 412 3386 543 3466; x_wconf 83' lang='lat' dir='ltr'><strong>Appius,</strong></span> <span class='ocrx_word' id='word_1_319' title='bbox 560 3388 744 3468; x_wconf 86' lang='lat' dir='ltr'><strong>eloquentia,</strong></span> <span class='ocrx_word' id='word_1_320' title='bbox 762 3394 942 3471; x_wconf 78' lang='lat' dir='ltr'><strong>cognituram</strong></span> <span class='ocrx_word' id='word_1_321' title='bbox 956 3390 1163 3453; x_wconf 86' lang='lat' dir='ltr'><strong>maledicendi</strong></span> 
     </span>
     <span class='ocr_line' id='line_1_39' title="bbox 156 3466 1164 3556; baseline 0.013 -33"><span class='ocrx_word' id='word_1_322' title='bbox 156 3466 270 3539; x_wconf 84' lang='lat' dir='ltr'><strong>subire;</strong></span> <span class='ocrx_word' id='word_1_323' title='bbox 302 3470 380 3552; x_wconf 92' lang='lat' dir='ltr'><strong>quod</strong></span> <span class='ocrx_word' id='word_1_324' title='bbox 399 3471 571 3533; x_wconf 85' lang='lat' dir='ltr'><strong>iacientibus</strong></span> <span class='ocrx_word' id='word_1_325' title='bbox 594 3475 680 3536; x_wconf 88' lang='lat' dir='ltr'><strong>etiam</strong></span> <span class='ocrx_word' id='word_1_326' title='bbox 700 3476 777 3537; x_wconf 89' lang='lat' dir='ltr'><strong>male</strong></span> <span class='ocrx_word' id='word_1_327' title='bbox 798 3476 933 3538; x_wconf 90' lang='lat' dir='ltr'><strong>audiendi</strong></span> <span class='ocrx_word' id='word_1_328' title='bbox 949 3476 1164 3556; x_wconf 85' lang='lat' dir='ltr'><strong>praesumenda</strong></span> 
     </span>
    </p>
   </div>
   <div class='ocr_carea' id='block_1_3' title="bbox 0 0 1210 3854">
    <p class='ocr_par' dir='ltr' id='par_1_9' title="bbox 0 0 1210 3854">
     <span class='ocr_line' id='line_1_40' title="bbox 0 0 1210 3854; baseline 0 0"><span class='ocrx_word' id='word_1_329' title='bbox 0 0 1210 3854; x_wconf 95' lang='lat' dir='ltr'><strong> </strong></span> 
     </span>
    </p>
   </div>
  </div>
 </body>
</html>
