2408 3854
336 198 427 246 mrsu.
443 197 594 247 onnron.
610 197 680 245 nun.
696 197 757 264 ΧΠ,
776 198 800 246 1.
817 197 843 248 a.
1033 184 1094 246 245

89 358 168 416 tione
186 353 315 415 difficilia
337 341 511 429 tractentur,
533 354 731 414 neeessariunr
747 363 801 413 est.
835 351 907 413 Nam
922 353 1096 432 frequenter

90 441 176 500 etiam
197 439 324 518 optimae
347 456 454 499 oausae
475 437 585 498 similes
608 446 673 496 sunt
691 437 790 514 malis,
818 446 848 498 et
868 437 1008 497 innocens
1027 455 1095 496 reus

88 523 185 583 multis
201 520 407 582 verisimilibus
423 523 577 600 premitnr;
602 537 659 600 quo
674 520 721 596 fit,
745 530 776 581 ut
794 521 896 582 eadem
912 522 1034 582 actionis
1050 539 1094 581 ra·

87 609 167 669 tione
184 605 386 667 ostendendus
402 606 440 664 sit
473 624 546 685 qua,
568 605 593 666 si
610 622 721 665 nooens
736 614 825 665 esset.
856 605 916 667 lam
934 609 1094 667 innumera·

87 690 157 752 bilia
173 699 238 751 sunt
255 688 340 750 bouis
358 650 612 769 consideratisque
632 689 809 766 eommunia,
832 698 941 767 testes,
968 689 1094 765 litterae,

89 776 294 853 suspioiones,
317 774 480 853 opiniones.
512 771 578 833 Nou
599 772 685 832 aliter
706 783 803 834 autem
820 774 990 834 verisimilia
1011 791 1095 852 qnam

87 877 159 919 vera
181 868 211 918 et
227 857 431 918 confirmantur
452 864 482 916 et
497 856 677 917 refelluntur.
713 858 919 937 Quapropter,
943 868 972 918 ut
988 876 1036 917 res
1052 859 1095 916 ie·

87 953 149 1020 ret,
166 942 301 1003 deotetur
317 943 410 1002 oratio
427 950 561 1001 manente
577 939 699 1000 honesta
715 943 875 1002 voluntate.

145 1094 382 1148 COGNOSGENDA
400 1094 545 1146 ORATORI
563 1094 679 1154 QUIBUS
697 1093 805 1145 MORES
825 1094 1039 1146 FORMANTUR.

171 1197 207 1258 11.
240 1196 363 1272 Quando
386 1197 473 1274 igitur
489 1200 589 1258 orutor
605 1206 651 1258 est
666 1198 710 1257 vIr
724 1195 836 1272 bonus,
864 1198 889 1256 is
910 1204 1006 1256 autern
1024 1197 1096 1255 eitra

87 1284 221 1342 virtutem
236 1282 361 1359 intelligi
379 1299 437 1342 non
452 1290 566 1361 potest;
589 1283 697 1358 virtus,
716 1282 828 1342 etiamsi
845 1280 987 1362 quosdam
1005 1281 1094 1358 impe·

86 1375 133 1425 tus
151 1384 189 1426 ex
203 1374 303 1426 natura
319 1367 418 1442 sumit,
444 1374 541 1427 tamen
556 1365 734 1445 perficienda
755 1364 928 1427 doctrina
949 1373 1012 1424 est:
1034 1382 1094 1423 mo·

87 1468 135 1509 res
152 1458 219 1510 ante
235 1450 329 1509 omnia
349 1450 458 1509 oratori
481 1451 585 1526 studiis
601 1460 684 1510 erunt
700 1449 876 1525 excolendi,
898 1458 986 1528 atque
1003 1450 1095 1508 omnis

87 1534 203 1592 honesti
218 1534 343 1612 iustique
361 1532 516 1612 disciplina
535 1535 757 1612 pertractanda,
782 1536 845 1595 sine
866 1551 922 1612 qua
938 1550 1024 1593 nemo
1039 1551 1095 1592 neo

86 1617 240 1677 virbonus
257 1634 324 1677 esse
344 1635 400 1678 neo
417 1617 531 1677 dioendi
549 1619 660 1696 peritus
679 1627 786 1696 potest.
820 1617 882 1678 Nisi
908 1618 985 1677 forte
1007 1628 1121 1678 acce-b

87 1703 177 1762 dimus
193 1703 246 1777 iis,
270 1703 319 1779 qui
336 1709 437 1760 natura
454 1709 591 1761 constare
606 1718 704 1761 mores
721 1710 750 1761 et
767 1701 838 1761 nihil
859 1701 989 1762 adiuvari
1008 1701 1094 1766 disei-

86 1785 165 1863 plina
182 1793 298 1863 putant;
321 1785 437 1846 seilicet
454 1793 485 1845 ut
501 1803 552 1861 ea,
577 1803 653 1865 quae
669 1802 754 1845 manu
773 1785 859 1860 liunt,
884 1793 971 1862 atque
994 1800 1094 1843 eorum

87 1869 173 1929 etiam
193 1869 661 1948 contemptissima·ooniiteautur
682 1887 773 1948 egere
796 1867 982 1943 doctoribus,
1005 1869 1094 1927 virtu·

86 1964 144 2013 tem
159 1968 251 2030 vero,
268 1971 325 2032 qua
339 1952 410 2013 nihil
425 1953 543 2029 homini,
562 1969 620 2032 quo
638 1953 673 2014 ad
689 1953 761 2013 deos
778 1952 956 2013 immortales
974 1953 1094 2030 propius

87 2037 259 2112 aooederet,
282 2037 378 2098 datum
401 2045 462 2115 est,
486 2036 601 2098 obviam
623 2046 652 2096 et
672 2036 871 2112 illaboratum,
898 2045 1006 2096 tautum
1028 2037 1094 2115 quia

86 2122 144 2181 nati
167 2123 272 2198 simus,
294 2120 463 2183 babeamus.
499 2119 657 2182 Abstinere
681 2123 751 2198 erit,
778 2121 826 2201 qui
843 2121 872 2182 id
888 2122 998 2198 ipsum,
1027 2119 1094 2198 qnid

87 2206 124 2264 sit
140 2204 323 2283 abstinentia,
340 2203 479 2285 ignoret?
498 2204 536 2266 Et
548 2207 644 2282 fortis,
662 2206 710 2284 qui
726 2215 820 2266 metus
835 2204 963 2280 doloris,
981 2204 1122 2279 mortis,3

88 2291 304 2367 superstitionis
322 2291 401 2352 nulla
416 2291 529 2352 ratione
544 2288 737 2370 purgaverit?
761 2288 798 2350 Et
813 2290 923 2365 iustus,
945 2289 993 2367 qui
1008 2289 1095 2368 aequi

87 2375 215 2453 bonique
231 2383 399 2452 tractatum,
420 2376 468 2454 qui
485 2375 586 2453 leges,
612 2390 747 2454 quaeque
765 2381 867 2436 natura
882 2382 948 2433 sunt
963 2371 1094 2432 omnibus

86 2459 171 2517 datae
187 2475 322 2538 quaeque
337 2461 474 2538 propriae
491 2458 608 2539 populis
626 2468 656 2518 et
666 2457 803 2538 gentibus
821 2459 1007 2532 constitutae,
1025 2474 1094 2515 nun-

87 2559 171 2619 quam
187 2541 345 2603 eruditiore
363 2543 461 2621 aliquo
478 2545 613 2603 sermone
630 2539 780 2603 tractarit?
811 2538 835 2600 0
852 2558 936 2619 quam
953 2538 1028 2599 istud
1044 2557 1094 2618 pa·

87 2643 149 2684 rum
164 2632 281 2703 putant,
299 2625 403 2704 quibus
418 2635 475 2687 tam
491 2626 578 2687 laoile
594 2625 724 2686 ridetur!
756 2625 816 2685 Sed
832 2624 889 2684 hoo
905 2633 1034 2699 transeo,
1055 2622 1121 2684 ded

88 2726 146 2788 quo
161 2709 319 2786 neminem,
342 2710 391 2789 qui
411 2709 523 2770 litteras
538 2711 587 2770 vel
603 2710 719 2788 primis,
738 2718 769 2769 ut
783 2710 876 2785 aiunt,
900 2705 989 2768 labris
1005 2706 1094 2784 degu-

87 2794 186 2870 starit,
208 2791 400 2867 dubitaturum
422 2803 502 2872 puto.
536 2793 582 2855 Ad
604 2793 675 2855 illud
697 2811 825 2872 sequens
846 2801 1034 2871 praevortar,
1057 2809 1094 2850 ne

87 2877 200 2938 dioendi
224 2877 340 2957 quidem
362 2879 432 2937 satis
453 2879 577 2957 peritum
591 2877 672 2954 iore,
696 2880 744 2957 qui
766 2893 824 2937 non
848 2886 878 2937 et
899 2885 1017 2937 naturae
1038 2877 1095 2935 vinr

88 2979 199 3022 omnem
223 2964 337 3042 penitus
360 2963 546 3042 perspexerit
567 2971 597 3022 et
616 2978 713 3024 mores
736 2961 903 3042 praeceptis
925 2979 960 3021 ao
981 2955 1095 3020 ratione¹

88 3047 226 3106 formarit.
257 3045 361 3126 Neque
386 3049 461 3107 enirn
483 3047 589 3108 frustra
612 3047 640 3106 in
657 3047 744 3107 tertio
767 3046 803 3108 de
819 3043 944 3107 Oratore
964 3044 1040 3104 libro
1059 3041 1120 3107 ho

88 3127 215 3190 Crassus
239 3140 357 3208 ounota,
382 3149 457 3210 quae
480 3131 517 3192 de
539 3148 652 3210 aequo,
676 3133 769 3208 iusto,
792 3148 881 3207 vero,
896 3129 975 3190 bono
999 3129 1094 3205 deque

88 3216 141 3288 iis,
160 3230 238 3291 quae
254 3223 320 3275 sunt
336 3222 436 3276 eontra
452 3217 565 3295 posita,
582 3215 732 3292 dieantur,
749 3217 868 3294 propria
884 3230 952 3273 esse
970 3212 1094 3271 oratoris

88 3296 228 3374 affirmat,
244 3315 280 3358 ao
295 3298 506 3378 philosophos,
524 3318 588 3360 oum
603 3317 639 3360 ea
657 3298 771 3360 dioendi
788 3298 897 3359 viribus
912 3303 1038 3371 tuentur,
1054 3295 1095 3355 uti

88 3381 236 3441 rhetorum
259 3383 345 3442 armis
370 3400 427 3443 non
453 3385 522 3444 suis.
562 3382 640 3444 ldern
662 3391 758 3443 tamen
782 3382 951 3456 confitetur,
979 3397 1014 3439 ea
1038 3379 1095 3438 ium

90 3484 156 3526 esse
179 3484 196 3526 a
218 3466 404 3548 philosophia
425 3469 567 3548 petenda,
596 3466 739 3527 videlieet
761 3467 835 3544 unia
848 3457 1123 3536 madeshaee'hb
