2408 3854
400 72 779 182 nm.x1,o.x11,1-1o.
1033 111 1110 159 xv11

58 277 163 342 Bamo.
174 290 230 332 see.
242 290 278 330 m.
292 289 317 330 c.
333 271 415 331 eoae.
429 275 496 344 opit.
510 270 678 336 memoriam
695 269 727 326 Z.
739 285 794 326 om.
813 298 855 308 —
881 273 942 328 183.
953 268 1113 327 inotiosam.

58 361 162 422 Bamh.
174 375 199 416 e.
213 357 296 416 coen
307 361 367 413 vett.
380 371 533 412 moeosam.

472 492 620 550 LIBER
649 493 708 548 XII.

150 609 233 682 Gap.
257 609 278 665 Ι.
322 613 348 669 3.
367 608 414 680 qui
429 608 475 664 sit.
497 607 597 681 Bomh.
610 606 747 671 c.1‹⁷zor.‚·
767 607 799 666 Z.
815 610 901 666 mser.
912 607 991 664 mihi.
1010 616 1112 670 -11.

59 697 135 754 Nam
145 693 210 752 hoe.
224 692 324 750 Bumb.
334 708 359 749 c.
371 691 469 756 Ftom
479 691 511 748 Z.
524 706 577 747 om.
588 689 653 749 hoe.
681 721 717 730 -
740 697 784 751 20.
796 691 917 766 fastigio.
940 692 1041 750 Bamh
1055 708 1111 750 see.

59 798 98 836 m.
108 795 136 835 c.
149 777 233 836 Oodd.
246 781 329 850 θρίω
339 775 372 833 Ζ.
384 775 472 849 adjic.
485 774 673 847 eloquentiae.
693 803 735 814 -
751 791 816 831 nem
829 783 855 832 et
866 778 936 833 iere.
946 776 1046 835 Bamb.
1057 792 1112 832 sec.

60 882 99 922 m.
110 878 138 918 e.
147 850 363 936 GoMopms'Z.
376 877 430 918 om.
442 865 478 916 et.
492 888 531 902 -
542 863 586 919 23.
598 859 668 916 Nee.
678 856 762 916 codd.
770 863 855 933 opit„-
867 859 899 917 Z.
912 862 984 918 Nam
996 879 1058 918 nee.
1072 890 1113 903 -

61 953 109 1008 31.
127 961 226 1002 omnes
244 950 360 1002 aetates.
383 943 483 1000 namo.
494 958 549 1001 sec.
564 960 601 998 m.
616 958 642 1000 o.
660 941 744 1000 cnud.
762 947 845 1017 opem
867 943 899 1001 Z.
918 945 1009 1002 omnis
1026 951 1114 1003 aetas.

61 1059 107 1071 -
127 1034 174 1090 32.
187 1027 358 1086 sufficerent.
370 1028 452 1088 codd.
462 1033 525 1086 vett.
546 1026 579 1087 Ζ.
598 1025 770 1087 suffecerint.
790 1056 833 1068 —-
853 1031 961 1100 procul.
973 1029 1073 1086 Bamh.
1088 1045 1112 1087 c.

62 1113 151 1172 coen
161 1130 235 1170 omn.
242 1137 252 1176 ,·
263 1112 294 1169 Z.
308 1113 342 1168 de
355 1113 430 1185 conj.
445 1111 527 1185 Requi·
535 1127 664 1185 prorsus.
674 1139 718 1152 -
728 1115 771 1171 43.
784 1117 875 1187 atque,
890 1113 1112 1170 Bamh.e.Codd.

60 1204 143 1260 eeu-s
156 1197 188 1254 Z.
201 1197 236 1254 cte
246 1198 322 1271 conj.
339 1195 436 1269 Spole.
449 1196 543 1268 idque.

149 1280 282 1354 qu.!1.
324 1286 353 1342 ὅ.
373 1296 510 1354 quaeque.
532 1279 631 1337 Bamh.
650 1294 707 1338 see.
726 1296 778 1343 m.,·
796 1279 828 1337 Ζ.
840 1297 923 1353 qnae.
941 1310 983 1320 -
1003 1296 1112 1353 perum.

62 1363 112 1422 Sic
122 1364 222 1422 Bumh.
228 1382 281 1438 pr.
295 1381 331 1422 m.
344 1381 369 1422 c.
381 1365 466 1424 eodo.
474 1370 557 1437 postt.
564 1386 576 1429 ,·
596 1363 697 1423 Bumb.
715 1377 771 1422 sec.
789 1382 826 1423 m.
843 1381 869 1422 c.
888 1371 948 1424 vett.
969 1365 1053 1424 codo.
1065 1381 1113 1436 pa-

62 1465 179 1515 vorem;
196 1447 228 1510 Z.
237 1450 272 1505 de
281 1451 357 1522 conj.
369 1447 468 1522 Spelit.
478 1461 609 1522 pervum.
620 1451 724 1509 -·17.
735 1454 763 1503 et
775 1448 859 1521 quod.
873 1449 999 1522 Conjecit
1015 1447 1112 1522 Spatd.

68 1533 156 1606 Vulqo
167 1532 230 1590 sed.
243 1533 275 1589 Z.
289 1562 332 1572 —
348 1537 391 1594 2⁶.
406 1533 518 1590 ducant.
531 1531 614 1590 codd.
626 1538 687 1590 vett.
694 1555 704 1595 ,·
714 1532 746 1589 Z.
760 1530 874 1590 ducunt.
896 1562 940 1573 -
959 1537 1004 1593 31.
1017 1534 1114 1605 cogni·

61 1616 98 1671 tis
107 1647 147 1658 -—
156 1616 306 1689 adquierit.
318 1617 353 1674 de
364 1618 458 1690 oonj.,·
480 1617 564 1676 Codd.
577 1621 639 1675 vett.
648 1615 713 1689 fere
724 1622 830 1673 tantum
844 1617 920 1690 quod
932 1634 987 1673 non
1000 1619 1111 1689 eognoti
1148 1666 1150 1670 .

62 1700 224 1758 sideribus
237 1701 346 1769 adveni.
369 1700 401 1758 Z.
414 1702 448 1757 de
459 1706 509 1760 oet.
519 1701 625 1758 emend.
644 1700 817 1773 Tantumque
842 1718 898 1757 non
916 1702 1044 1774 cognatis
1056 1699 1114 1757 ide

60 1786 149 1842 rebus
165 1784 310 1842 admoneri
322 1787 400 1842 sciet.

150 1866 228 1941 Cep.
248 1870 297 1930 IV.
341 1875 369 1928 2.
386 1874 434 1925 eut
449 1867 648 1939 judicatorum.
669 1866 768 1923 Bamh.
781 1883 836 1923 sec.
854 1885 889 1924 m.
900 1885 924 1926 o.
937 1868 1021 1926 Oodd.
1033 1873 1115 1942 optt.;

61 1951 95 2007 Z.
109 1953 194 2008 ouer.
209 1953 301 2018 etiam.

67 2085 72 2091 .
149 2034 227 2109 Cap.
251 2037 298 2093 Vl.
343 2044 368 2098 1.
389 2035 609 2093 Demosthenen.
631 2033 749 2097 Bomh.‚·
769 2034 800 2091 Z.
820 2035 1047 2093 Demosthenem.
1072 2064 1115 2076 -

60 2126 88 2179 2.
101 2120 270 2193 ubieunque.
287 2121 387 2178 Bomb.
399 2136 454 2177 sec.
470 2137 506 2179 m.
521 2134 547 2178 c.
560 2118 642 2176 mou.
658 2124 742 2190 optm-
758 2119 790 2176 Z.
803 2120 915 2193 ubique.
931 2149 975 2161 -
991 2125 1018 2180 3.
1031 2121 1114 2175 venia

60 2209 100 2261 et.
109 2203 210 2261 Bamb.
226 2221 251 2261 e.
264 2204 347 2262 codd.
360 2222 432 2263 omn.
440 2229 449 2268 ;
465 2204 497 2262 Z.
509 2204 543 2258 de
553 2203 629 2273 conj.
640 2201 747 2258 Boethii
757 2204 858 2261 veniae
872 2222 948 2277 spes.
968 2233 1010 2247 —-
1032 2207 1058 2264 6.
1075 2204 1114 2258 in·

60 2287 159 2360 eipere
172 2302 265 2360 quom.
276 2289 376 2346 Bamh.
389 2306 414 2348 c.
427 2288 523 2358 cndu„
534 2293 565 2344 ut
578 2287 693 2356 uidetur,
708 2302 779 2346 omn.
790 2311 798 2350 ,·
809 2287 841 2345 Z.
854 2291 939 2345 inser.
952 2306 979 2346 a.

148 2369 193 2428 Ca
200 2389 229 2445 p.
251 2371 317 2429 VIL-
356 2373 382 2432 t.
402 2375 473 2429 Nem
486 2373 514 2428 in
524 2371 579 2428 hoe
591 2371 753 2428 maximum.
773 2372 872 2429 Bamb.
881 2388 930 2445 pr.
942 2389 978 2428 m.
990 2388 1016 2428 c.
1029 2371 1112 2430 Codd.

59 2472 138 2512 omn.
161 2457 328 2525 maximum,
347 2472 402 2516 see.
420 2473 522 2514 mom.
538 2460 645 2528 etpost
660 2453 745 2522 Nam,
762 2456 842 2528 quod.
862 2456 896 2512 Z.
914 2456 1027 2512 retinuit
1044 2458 1114 2512 sieut

60 2554 206 2611 magnum.

149 2621 227 2697 Cap.
251 2624 323 2680 VIII.
366 2631 393 2684 5.
405 2624 578 2682 mutandum.
593 2623 694 2679 Bamb-
705 2637 730 2678 e.
743 2622 827 2681 codd.
841 2629 906 2695 optt.
919 2640 972 2680 om.
984 2640 1029 2692 ve,
1040 2623 1114 2696 quod

60 2705 94 2763 2.
107 2707 221 2780 adjecit.
238 2738 274 2748 -
292 2711 336 2768 1³.
349 2725 451 2768 ceram.
464 2708 499 2766 de
508 2709 585 2780 conj·
597 2705 736 2765 Salmonei.
755 2706 838 2764 eoem
852 2713 912 2766 vett.
920 2707 986 2781 fere
1003 2709 1112 2764 turbate

60 2806 128 2847 oere
141 2793 185 2848 oet
193 2798 279 2849 certe.
1063 2810 1067 2815 ·

149 2874 226 2949 Cap.
248 2877 295 2932 tx.
337 2881 365 2935 4.
393 2876 593 2950 cupidissimis.
617 2876 717 2932 Bamb.
736 2891 761 2935 c.
778 2875 862 2933 Codd.
879 2875 944 2950 fere
959 2891 1049 2938 omn.;
1076 2875 1109 2931 Z.

60 2960 155 3016 minus
168 2960 291 3033 cupidis.
1117 2961 1124 2968 '

148 3044 228 3116 Cap.
249 3045 285 3101 X.
329 3049 374 3107 37.
393 3047 525 3104 feramur.
551 3044 651 3104 Bomh.
667 3059 723 3101 see.
741 3062 777 3100 m.
786 3068 795 3107 ;
813 3044 844 3101 Z.
862 3046 993 3101 feremur.
1006 3073 1048 3086 -
1063 3047 1107 3102 39.

60 3143 128 3199 quo.
151 3127 251 3188 Bomb.
265 3146 315 3203 pr.
333 3146 370 3189 m.
389 3146 413 3187 c.
434 3129 517 3188 cnud.
531 3135 633 3202 postt.,·
654 3129 686 3186 Z.
703 3129 788 3201 quod.
810 3158 853 3168 —
872 3134 916 3188 to.
930 3128 1052 3201 nihilque
1071 3134 1107 3184 et.

59 3211 162 3269 Bamb.
173 3225 228 3270 seo.
241 3230 276 3271 m.
288 3229 314 3272 c.
326 3213 410 3271 eodo.
428 3219 505 3275 vete.,·
524 3212 555 3269 Z.
567 3229 618 3269 om.
638 3220 673 3269 et.
695 3241 738 3255 -
755 3217 799 3272 44.
814 3219 841 3268 et
852 3213 926 3268 idem
939 3217 1106 3268 -servant
1132 3236 1140 3249 ·

60 3295 148 3353 codo.
156 3301 220 3368 opu.
226 3298 291 3369 sere
302 3304 329 3352 et
340 3298 414 3353 idem
426 3298 533 3354 omines
546 3298 615 3354 alter
627 3297 728 3353 decere
736 3299 890 3353 allocantur
904 3302 931 3351 et
944 3297 1063 3352 salvant.
1073 3293 1106 3353 Ζ.

60 3408 104 3419 --
120 3384 166 3440 46.
185 3397 277 3453 neque
300 3382 373 3438 enim
392 3398 458 3438 non.
486 3381 613 3438 Additum
631 3389 737 3438 estnon
749 3380 783 3436 de
802 3382 875 3454 conj.
889 3381 1056 3436 Buttmanni.
1075 3379 1106 3439 Z.

104 3481 133 3518 n.
148 3481 172 3520 n.
189 3480 301 3530 eumne.
314 3465 348 3523 Η.
881 3466 898 3518 b
