2408 3854
293 211 878 280 mss.nonnosumvnnrnooun.
1047 205 1087 265 45

76 368 165 447 cipue
181 367 259 428 circa
275 376 434 446 praecepta
449 370 539 446 partis
554 367 637 427 huius
656 367 807 428 laboravit
846 368 931 442 Quod
947 388 1011 430 eum
1029 390 1086 431 me·

77 453 134 512 rito
154 451 281 526 iecisse,
299 451 383 511 etiam
402 452 467 530 ipso
483 452 542 526 rei,
562 451 598 511 de
615 468 670 530 qna
686 451 846 530 Ιοιιιιίιιιιι,
863 455 977 513 nomine
992 455 1087 533 palam

77 534 254 596 declaratur.
287 532 394 613 Eloqui
408 553 482 594 enrm
497 535 554 594 hoc
570 544 631 610 est
649 537 742 595 omnia
751 554 852 614 quae
868 548 964 598 mente
978 556 1086 599 conce·

76 621 174 699 peris,
191 635 327 697 promere
343 628 429 697 atque
446 619 481 679 ad
499 581 648 679 audientes
666 619 814 698 perierre;
833 623 895 682 sine
911 640 968 721 ιιιιο
985 641 1086 701 super-

76 720 168 764 vacua
184 711 250 762 sunt
273 703 371 782 priora
394 713 422 763 et
444 703 546 763 similia
563 703 662 781 gladio
681 703 797 763 condito
814 714 901 784 atque
917 708 990 767 iutra
1006 709 1086 785 vagi·

76 805 143 848 uam
156 805 238 846 snam
253 786 394 847 haerenti.
430 786 493 846 lloc
508 789 606 866 itaque
621 789 743 848 maxime
761 788 899 866 docetur,
918 789 975 851 hoo
992 791 1086 852 nullus
1097 799 1128 854 16

76 871 132 930 nisi
149 879 211 931 arte
233 873 351 951 assequi
368 880 483 950 potest,
501 871 549 931 hic
569 872 692 931 studium
710 872 862 950 plurimum
878 873 1083 942 adhibendum:

76 955 136 1016 lnoc
150 957 322 1015 exercitatio
339 956 428 1034 petit,
445 955 502 1036 lroc
518 957 654 1031 imitatio,
670 954 717 1015 hic
734 958 825 1016 omnis
842 967 923 1018 aetas
942 960 1084 1018 consumi·

76 1048 136 1108 tur;
159 1038 217 1099 lroc
236 1040 358 1099 maxime
387 1049 486 1100 orator
512 1049 629 1100 oratore
652 1042 863 1118 praestantior,
892 1041 949 1103 hoc
975 1061 1084 1121 genera

75 1123 140 1204 ipsa
162 1123 276 1184 dicendi
294 1122 358 1184 aliis
382 1124 438 1184 alia
455 1126 579 1203 potiora.
614 1122 717 1201 Neque
740 1126 814 1182 enim
831 1126 932 1186 Asiani
949 1137 997 1186 aut
1014 1144 1084 1206 quo·
1095 1135 1126 1190 17

75 1225 192 1286 cunque
214 1207 273 1267 ulio
294 1225 405 1285 genere
427 1210 556 1287 corrupti
577 1226 625 1267 res
647 1224 705 1267 non
726 1207 858 1268 viderunt
882 1218 930 1268 aut
953 1229 1003 1271 eas
1027 1228 1085 1271 non

74 1291 312 1366 collocaverunt,
340 1310 451 1371 neque,
480 1309 554 1371 quos
581 1291 678 1352 aridos
705 1308 859 1368 vocamus,
884 1293 964 1353 stulti
988 1296 1083 1353 autin

75 1377 173 1435 causis
182 1376 276 1435 caeci
298 1375 425 1443 luerunt:
447 1377 501 1437 sed
524 1376 568 1436 his
593 1375 726 1435 iudicium
744 1377 772 1435 in
790 1375 957 1456 eloquendo
973 1396 1008 1438 ac
1024 1394 1083 1437 mo·

74 1458 145 1536 dus,
169 1459 227 1518 illis
249 1461 327 1518 vires
349 1459 518 1536 deiuemnt,
543 1469 573 1519 ut
597 1469 737 1538 appareat
757 1461 785 1519 in
807 1460 863 1521 lroc
886 1469 915 1520 et
933 1463 1032 1522 vitium
1055 1472 1084 1522 et

73 1543 210 1603 uirtutem
228 1561 295 1604 esse
313 1544 437 1604 dicendi.

161 1627 226 1687 Non
241 1628 307 1688 ideo
320 1637 415 1688 tamen
426 1629 491 1690 sola
504 1638 549 1688 est
564 1628 676 1706 agenda
689 1647 758 1689 cura
770 1628 935 1689 verborum.
974 1630 1082 1690 Occur·
1096 1644 1127 1700 ιι

74 1729 137 1772 ram
152 1712 226 1772 cnim
241 1729 367 1772 necesse
386 1722 430 1773 est
454 1722 500 1789 et,
522 1711 647 1773 velutin
669 1712 814 1772 vestibulo
832 1717 961 1791 protinus
978 1731 1082 1792 appre-

74 1794 209 1856 hensuris
226 1795 299 1856 hanc
318 1794 533 1858 confessionem
549 1815 658 1872 meam,
676 1798 810 1856 resistam
826 1799 878 1872 iis,
895 1799 961 1875 qui,
977 1798 1083 1857 omissa

74 1897 171 1940 rerum
194 1879 258 1960 (qui
285 1883 367 1940 nervi
386 1890 452 1941 sunt
473 1882 501 1940 in
523 1882 634 1960 causis)
659 1879 825 1957 diligentia,
853 1880 977 1959 quodam
1007 1881 1083 1940 inani

75 1965 154 2024 circa
176 1981 266 2024 voces
291 1964 385 2026 studio
408 1973 579 2040 senescunt,
604 1965 690 2042 idque
713 1964 821 2023 iaciunt
842 1965 936 2041 gratia
955 1964 1081 2039 decoris,

74 2049 187 2128 qui‘est
209 2049 236 2106 in
257 2048 380 2109 dicendo
403 2067 466 2109 mea
484 2048 599 2128 quidem
620 2049 757 2127 opinione
778 2047 1006 2127 pulcherrimus,
1030 2048 1082 2108 sed

75 2150 140 2193 cum
162 2132 293 2212 sequitur
315 2150 371 2193 non
394 2152 457 2193 cum
478 2133 638 2193 affectatur.
676 2129 809 2211 Corpora
834 2150 902 2192 sana
927 2141 957 2192 et
978 2132 1084 2209 integri
1093 2136 1125 2191 19

74 2217 222 2293 sanguinis
239 2225 268 2276 et
284 2219 494 2278 exercitatione
507 2218 615 2278 firmata
633 2235 670 2276 ex
682 2216 783 2276 iisdem
799 2217 843 2277 his
859 2218 990 2296 speciem
1006 2217 1082 2276 acci·

74 2301 171 2380 piunt,
200 2301 362 2379 exquibus
389 2303 484 2378 vires,
513 2319 635 2382 namque
658 2310 687 2361 et
709 2302 840 2362 colorata
863 2309 893 2361 et
913 2301 1032 2362 astricta
1054 2309 1083 2360 et

75 2383 194 2446 lacertis
217 2402 359 2464 expressa
382 2394 461 2455 sunt;
483 2394 512 2446 at
529 2385 631 2446 eadem
653 2387 678 2445 si
701 2387 765 2464 quis
782 2384 866 2445 volsa
882 2395 968 2464 atque
985 2384 1083 2445 fucata

74 2468 255 2529 muliebriter
273 2478 382 2546 comat,
408 2470 575 2530 foedissima
603 2472 658 2529 sint
679 2472 743 2548 ipso
769 2469 880 2529 formae
902 2469 1014 2529 labore.
1046 2467 1125 2528 litto

73 2551 169 2614 cultus
183 2570 342 2613 concessus
356 2563 442 2633 atque
457 2555 624 2632 magnificus
638 2554 716 2614 addit
728 2553 907 2627 hominibus,
924 2561 954 2611 nt
969 2551 1081 2611 Graeco

75 2655 163 2697 versu
177 2645 312 2697 testatum
329 2647 390 2714 est,
413 2640 630 2705 auctoritatem
653 2645 682 2697 at
702 2637 850 2697 muliebris
869 2645 898 2696 et
915 2635 1081 2695 luxuriosus

73 2738 133 2782 non
150 2738 257 2800 corpus
274 2683 395 2783 exornal
413 2723 465 2783 sed
482 2723 592 2800 detegit
610 2729 744 2781 mentem.
776 2720 914 2781 Similiter
925 2718 975 2779 illa
990 2727 1081 2779 trans·

73 2804 171 2866 lucida
187 2814 215 2865 et
238 2805 409 2866 versicolor
424 2806 601 2905 quorundam
617 2806 744 2867 elocutio
765 2823 814 2864 res
830 2806 932 2889 ipsas
925 2802 1082 2880 effeminat,

73 2907 150 2969 quae
168 2890 218 2950 illo
235 2890 390 2951 verborum
405 2890 503 2951 habitu
518 2892 686 2950 vestiuntur.
719 2887 822 2950 Curam
839 2906 911 2967 ergo
925 2878 1082 2948 verborum

73 2991 170 3034 rerum
202 2974 271 3035 volo
300 2993 367 3034 esse
398 2975 631 3035 sollicitudinem.
675 2974 747 3034 Nam
776 2972 947 3053 plerumque
977 2973 1122 3050 optimati

73 3057 163 3118 rebus
187 3058 345 3119 cohaerent
366 3068 396 3119 et
419 3068 573 3119 cernuntur
589 3075 642 3119 suo
658 3059 777 3126 lumine:
803 3067 831 3118 at
845 3075 899 3117 nos
918 3059 1081 3137 quaerimus

73 3142 124 3203 illa
134 3150 294 3222 ‚tanquam
310 3144 417 3204 lateant
429 3162 556 3224 seseque
572 3142 742 3203 subducant.
787 3141 828 3202 lta
843 3159 985 3222 nunquam
1001 3148 1081 3218 puta·

34 3278 36 3280 ,
73 3244 138 3286 mus
161 3227 239 3286 circa
264 3226 394 3304 idesse,
420 3227 457 3287 de
478 3227 703 3306 quodicendnm
721 3235 781 3302 ιιι,
806 3223 1081 3287 sedexaliislocis

74 3312 200 3390 petimus
218 3319 247 3371 et
263 3313 386 3372 inventis
398 3314 455 3370 vim
471 3312 626 3372 afferimus.
654 3311 765 3371 llaiore
777 3312 870 3370 auimo
887 3306 1125 3386 aggrediendam

77 3395 247 3473 eloquentia
264 3405 325 3472 ιιι,
343 3397 459 3476 quaesi
476 3405 538 3457 ιοιο
556 3412 682 3475 corpore
702 3394 782 3454 valet
789 3410 927 3471 ‚ungues
944 3391 1038 3470 polire
1053 3398 1083 3450 et

77 3479 216 3558 capillum
232 3497 377 3559 reponere
393 3497 450 3541 non
466 3480 639 3542 existimabit
654 3479 690 3539 ad
716 3495 813 3538 curam
829 3495 908 3537 suam
923 3475 1083 3556 pertinere
