2408 3854
366 186 455 235 mss.
475 185 624 235 onuuon.
638 188 707 235 nun.
720 187 753 252 x,
773 187 797 237 1.
1028 179 1082 239 tet

82 340 243 402 Aristarchi
266 341 371 401 iudicio
393 340 585 419 scriptoribus
607 339 806 400 iamborum
827 341 862 401 ad
885 339 946 416 ἴξιν
964 344 1087 405 maxime

81 425 238 505 pertinebit
252 443 324 484 unus
344 423 609 484 Archilochus.
643 425 757 484 Summa
773 425 801 482 in
814 424 872 484 hoc
887 426 932 483 vis
944 424 1085 489 elocutio·

80 512 136 585 nis,
161 526 225 569 cum
239 508 354 569 validae
375 517 433 567 tum
449 508 555 569 breves
570 506 777 587 vibrantesque
793 510 972 585 sententiae,
997 510 1085 588 pluri·

80 610 155 654 mum
170 593 316 668 sanguinis
335 602 421 670 atque
438 608 602 663 nervorum,
619 592 694 652 adeo
711 601 742 651 nt
757 592 889 652 videatur
904 592 1083 671 quibusdam,

81 677 158 755 quod
180 692 323 754 quoquam
339 677 432 734 minor
448 684 513 749 est,
537 677 675 736 materiae
696 694 763 736 esse
779 692 837 737 non
851 677 959 753 ingenii
974 678 1081 738 vitium.
1096 703 1132 741 a.

80 758 193 820 Novem
214 776 286 819 vero
301 759 513 835 Lyricorum
530 759 617 836 longe
640 759 819 819 Pindarus
840 761 978 839 princeps
1001 763 1123 840 spiri-61

79 852 125 903 tus
141 842 362 920 magnificentia,
378 843 539 918 sententiis,
556 843 670 918 liguris,
688 841 855 904 beatissima
869 861 965 903 rerum
978 845 1084 905 verbo-

79 945 200 1006 rumque
222 929 308 1006 copia
328 936 357 987 et
371 927 451 987 velut
467 888 590 1006 quodam
607 925 793 1004 eloquentiae
808 926 939 995 flumine:
962 938 1085 1007 propter

79 1029 155 1091 quae
170 1010 304 1071 Horatius
329 1029 392 1070 eum
409 1013 512 1071 merito
536 1006 657 1070 credidit
677 1011 781 1071 nemini
799 1010 975 1071 imitabilem
1006 1013 1086 1072 Ste-
1093 1021 1127 1076 62

79 1094 250 1154 sicherus
266 1113 350 1173 quam
368 1095 404 1154 sit
419 1095 536 1172 ingenio
550 1093 678 1170 validus,
700 1095 837 1154 materiae
853 1111 969 1173 quoque
986 1105 1082 1156 osten·

10 1194 12 1198 ’
79 1178 163 1253 dunt,
186 1181 308 1239 maxima
327 1177 407 1238 bella
426 1187 456 1238 et
478 1177 656 1238 clarissimos
678 1186 829 1238 canentem
853 1179 944 1239 duces
962 1187 992 1237 et
1005 1181 1083 1257 epici

80 1263 213 1323 carminis
234 1280 323 1321 onera
344 1261 406 1337 ipre
433 1263 629 1321 sustinentem.
675 1261 781 1323 Reddit
805 1263 1034 1340 erimperscnis
1054 1265 1083 1323 in

79 1345 193 1424 agendo
209 1346 292 1405 simul
312 1344 517 1423 loquendoque
534 1344 659 1405 debitam
674 1346 857 1422 dignitatem,
882 1363 918 1405 nc
936 1347 960 1406 si
976 1348 1082 1407 ιιιιίι-
1161 1385 1166 1395 ·

80 1430 271 1504 set-modum,
293 1428 407 1489 videtur
429 1428 566 1489 aemulari
590 1430 738 1508 proximus
760 1428 914 1491 Homerum
934 1431 1081 1508 potuisse;

80 1513 133 1572 sed
147 1512 288 1573 redundat
302 1521 390 1592 atque
408 1512 576 1587 effunditur,
599 1514 676 1590 quod
696 1523 727 1574 ut
743 1523 788 1574 est
803 1512 1082 1591 reprehendendum,

79 1597 118 1656 ita
134 1597 238 1675 copiae
253 1598 351 1656 vitium
367 1604 421 1656 est.
464 1594 626 1656 Alcaeus
646 1598 673 1656 in
691 1608 773 1676 parte
789 1599 888 1676 operis
903 1616 1000 1660 nureo
1011 1600 1079 1677 ple·
1090 1608 1126 1662 63
1145 1672 1149 1686 1

79 1690 146 1741 etro
162 1680 421 1756 meritodonatur,
444 1698 500 1758 qun
521 1689 659 1756 tyrannos
679 1682 838 1742 insectatus
859 1680 976 1740 multum
998 1684 1083 1743 etiam

79 1763 207 1824 moribus
225 1763 352 1832 soniert;
374 1764 402 1822 in
423 1763 590 1841 eloquendo
611 1781 728 1842 quoque
751 1764 848 1824 brevis
870 1772 901 1824 et
915 1765 1082 1841 magnificus

78 1855 110 1906 et
130 1846 255 1923 diligens
278 1856 307 1906 et
327 1847 498 1926 plerumque
521 1849 629 1907 oratori
649 1848 764 1915 similis;
787 1847 891 1908 sedet
912 1847 979 1908 lusit
1003 1858 1032 1907 et
1054 1851 1083 1908 in

79 1947 192 1992 umores
213 1930 380 2007 descendit,
404 1930 560 1991 maioribus
583 1940 678 1991 tamen
704 1933 809 2010 aptior.
856 1931 1125 2008 Simonides‚64

79 2016 173 2074 tenuis
189 2014 313 2094 alioqui,
337 2030 472 2075 sermone
495 2016 614 2094 proprio
632 2024 662 2074 et
676 2014 852 2075 iucunditate
867 2013 988 2093 quadam
1005 2033 1081 2076 com·

78 2097 206 2159 menderi
224 2107 336 2177 potest;
362 2099 518 2178 praecipua
534 2107 629 2160 tamen
646 2099 708 2158 eius
724 2101 752 2159 in
769 2098 976 2160 commovenda
995 2101 1081 2160 mise·

78 2183 190 2242 ratione
216 2185 322 2258 uirtus,
349 2192 380 2243 ut
405 2182 554 2262 quidam
544 2201 573 2242 m
592 2182 647 2243 hac
670 2202 735 2244 eum
759 2192 842 2262 parte
864 2182 995 2289 omnibus
1018 2184 1081 2244 eius

78 2267 178 2345 operis
192 2266 360 2327 auctoribus
376 2266 550 2346 praeierant.

163 2349 324 2430 Antiqua
358 2350 547 2412 comoedia
578 2369 642 2411 cum
667 2353 810 2412 sinceram
829 2314 914 2413 illam
935 2351 1124 2414 ιιιιιιοιιίιδι

78 2433 167 2493 Attici
181 2434 302 2509 gratiam
312 2451 407 2515 prope
418 2433 483 2495 sola
494 2433 609 2510 retinet,
625 2443 683 2495 tam
694 2434 917 2496 facundissimae
927 2433 1080 2533 libertatis,

80 2518 135 2576 etsi
159 2525 205 2576 est
224 2518 398 2578 insectandis
417 2519 492 2577 vitiis
508 2519 680 2597 praecipua,
702 2518 854 2596 plurimum
871 2527 965 2576 tamen
981 2518 1082 2576 virium

80 2600 166 2658 etiam
181 2599 210 2657 in
225 2601 332 2659 ceteris
345 2599 475 2679 partibus
495 2599 592 2662 habet.
631 2600 704 2661 Nam
724 2610 754 2660 et
774 2599 891 2678 grandis
911 2607 941 2658 et
961 2598 1082 2676 elegans

79 2690 110 2744 et
126 2690 262 2757 venusta,
285 2690 314 2742 et
338 2686 439 2744 nescio
457 2700 494 2744 an
512 2684 586 2760 ulla,
611 2693 680 2764 post
696 2683 850 2745 llomerum
865 2691 975 2758 tamen,
996 2699 1082 2761 quem

79 2774 109 2829 ut
124 2764 402 2845 Achillemsempsr
416 2768 512 2845 excipi
529 2786 583 2847 par
598 2776 654 2842 est,
672 2776 719 2828 snt
733 2764 854 2826 similior
867 2767 906 2826 sit
920 2765 1083 2829 oratoribus

79 2849 189 2911 autad
216 2859 349 2911 oratores
376 2850 527 2911 iaciendos
557 2851 661 2930 aptior.
711 2848 813 2910 Plures
842 2851 904 2911 eius
930 2859 1126 2920 auctorante

79 2933 357 3012 Aristophanes
381 2945 476 2997 tamen
504 2942 534 2995 et
554 2932 710 3013 Eupolis
729 2931 977 3014 Cratinusque
999 2953 1082 3013 prae·

71 3017 167 3094 -cipuit
198 3016 431 3096 Tragoedias
446 3018 554 3098 primus
569 3020 598 3078 in
613 3017 708 3079 lucem
724 3017 935 3094 Aeschylus
950 3019 1081 3099 protulit,

80 3099 209 3160 sublimis
235 3111 264 3162 et
284 3106 383 3181 gravis
405 3113 434 3164 et
454 3101 663 3182 grandiloquus
689 3120 780 3181 saepe
803 3120 896 3182 usque
916 3103 952 3163 ad
972 3105 1082 3178 vitium,

80 3183 132 3242 sed
154 3184 264 3244 rudis
255 3205 283 3246 m
306 3187 456 3286 plerisque
478 3188 750 3268 etincompositus;
777 3186 996 3266 propterquod
1017 3202 1082 3246 cor-

79 3276 177 3328 rectas
195 3268 256 3328 eius
273 3270 415 3333 labulas
405 3289 434 3331 m
455 3280 602 3358 certamen
620 3271 739 3333 deleme
759 3271 971 3351 posterioribus
987 3269 1082 3348 poetis

80 3349 274 3414 Athenienses
296 3357 508 3432 permiserunt,
531 3365 655 3436 suntque
677 3355 819 3416 eomodo
840 3353 920 3415 multi
941 3354 1080 3414 coronati.

79 3434 139 3498 Sed
156 3435 243 3515 longe
262 3438 367 3499 elarius
382 3439 598 3501 illustraverunt
612 3440 754 3519 hocopus
769 3437 991 3518 Sophocles
1001 3446 1100 3507 auoque
