2408 3854
136 197 194 258 156
453 203 814 264 u.rnn.ou1nn1n1nn1

131 381 198 443 pars
213 364 277 441 eius
295 364 323 422 in
337 360 499 422 nominihus
517 368 562 419 est
577 367 734 438 occupata;
752 367 847 418 tamen
858 357 944 418 utiles
960 359 1038 419 circa
1049 377 1134 439 prae

89 448 404 609 niiiiistttlit
418 442 1135 606 dimittitis{iiiitllil‘tii

236 574 245 605 2
1023 570 1030 584 ,
1123 559 1135 572 .

130 625 174 675 tra
196 616 229 673 in
248 611 463 673 Antimacho
486 611 531 669 vis
553 619 582 670 et
596 610 723 687 gravitas
747 619 775 670 et
796 610 908 669 minime
930 610 1052 687 vulgare
1073 612 1135 671 elo·

34 701 36 704 ⁴
133 697 239 777 quendi
255 715 348 774 genus
364 695 452 757 hahet
468 693 591 754 laudem.
632 694 691 754 Sed
713 694 842 773 quamvis
864 693 891 752 ei
912 695 1057 754 secundas
1071 694 1136 755 iere

130 783 380 860 grammaticorum
399 795 560 838 consensus
578 777 706 837 deierat:
729 787 758 838 ct
780 776 932 838 allectihus
954 787 984 837 et
1007 777 1136 838 iucundi·

131 874 190 925 tate
206 873 235 923 et
250 864 442 943 dispositione
458 871 487 922 et
508 863 623 921 omniuo
646 869 708 921 arte
724 860 875 936 deicitur,
897 870 928 920 ut
944 861 1032 940 plane
1047 863 1136 922 mani·

130 946 207 1008 iesto
220 956 370 1026 appareat,
378 955 485 1026 quanto
498 947 534 1004 sit
546 944 623 1005 aliud
630 947 791 1024 proximum
802 962 871 1004 esse
881 944 958 1005 aliud
968 945 1136 1006 secundum.

89 1032 315 1106 adiungasin
330 1049 368 1090 ex
384 1040 510 1108 utroque
524 1030 642 1088 mixtum
653 1037 753 1108 putant
768 1030 796 1088 iu
812 1029 978 1107 eloquendo
994 1030 1136 1089 neutrius·

131 1133 188 1195 que
210 1131 337 1193 aequare
354 1116 495 1190 virtutes,
517 1113 640 1184 alterum
662 1121 757 1172 tamen
774 1112 810 1172 ah
826 1129 864 1173 eo
879 1115 999 1174 materia
1014 1113 1136 1173 alterum

131 1197 302 1276 disponendi
323 1200 434 1259 ratione
459 1198 601 1276 superari.
653 1196 883 1274 Apollonius
910 1197 939 1256 in
965 1197 1095 1257 ordinem
1121 1215 1137 1256 a

130 1282 324 1359 grammaticis
339 1282 434 1343 datum
448 1298 505 1341 non
519 1281 614 1355 venit,
637 1281 702 1360 quia
717 1280 903 1340 Aristarchus
918 1289 1006 1358 atque
1023 1279 1136 1340 Aristo-

131 1365 252 1443 phanes,
269 1375 419 1443 poetarum
434 1364 556 1439 iudices,
571 1365 713 1423 neminem
727 1364 772 1422 sui
787 1366 927 1442 temporis
943 1367 973 1425 iu
989 1381 1138 1424 numerum

131 1448 322 1526 relegemut;
346 1458 520 1509 nontamen
541 1446 780 1508 contemnendum
808 1447 896 1508 edidit
922 1464 996 1526 opus
1022 1447 1137 1528 aequali

91 1532 256 1610 sequacium
271 1532 482 1592 mediocritate.
516 1530 624 1591 Arati
641 1532 759 1591 materia
776 1539 855 1590 motu
877 1541 974 1608 caret,
990 1541 1021 1592 ut
1036 1534 1137 1610 inqua

20 1631 81 1653 s
132 1615 210 1675 nulla
225 1616 362 1690 varietas,
379 1614 475 1676 nulius
490 1615 623 1692 allectus,
635 1615 860 1695 nullupersona,
879 1615 956 1676 nulia
969 1617 1137 1693 cuiusquam

132 1699 169 1758 sit
184 1700 293 1766 oratio;
310 1699 417 1760 suflicit
434 1707 529 1760 tamen
545 1701 644 1777 operi,
668 1701 714 1758 cui
736 1717 769 1760 se
790 1715 889 1777 parem
913 1698 1044 1759 credidit.
1078 1698 1136 1759 hd·

131 1781 269 1842 mirnhiiis
285 1783 313 1842 in
328 1801 381 1843 suo
397 1800 508 1861 genere
529 1781 769 1857 Theocritus,
794 1781 847 1843 sed
867 1801 947 1844 musa
964 1783 1014 1843 illa
1028 1784 1137 1843 rustica

134 1874 164 1925 et
185 1867 340 1946 pastoralis
360 1884 418 1927 non
436 1866 532 1926 iorum
547 1865 633 1926 modo
648 1883 748 1925 verum
765 1867 857 1945 ipsam
875 1868 959 1927 etiam
975 1865 1076 1927 urhem
1091 1885 1137 1926 re·

90 1949 275 2018 informidat.
313 1950 423 2011 Audire
444 1951 548 2011 videor
569 1949 693 2027 undique
710 1956 903 2027 congerentes
919 1951 1033 2011 nomina
1048 1950 1136 2029 pluri·

131 2044 412 2112 morumpoetarum.
432 2030 1137 2107 Quidillercnlisautanonhenel’isandros‘i

133 2115 352 2177 Nicandrum
373 2118 479 2176 frustra
500 2118 593 2176 secuti
614 2115 713 2177 hlacer
733 2126 820 2197 atque
841 2115 1009 2195 Vergilius?
1040 2113 1137 2190 Quint

133 2198 405 2276 Euphorionem
421 2196 624 2260 transibimus?
641 2218 726 2279 quem
739 2202 794 2261 nisi
809 2200 964 2279 probasset
974 2200 1137 2278 Vergilius,

133 2281 207 2341 idem
223 2300 366 2362 uunquam
377 2291 458 2342 uerte
474 2285 663 2346 conditorum
676 2282 955 2348 Chalcidicoocraat
967 2287 1138 2347 conuiuium

133 2365 255 2425 iecisset
283 2368 312 2425 in
341 2365 487 2427 Bucolicis
508 2369 690 2428 mentionem.
736 2366 832 2442 Quid?
863 2368 998 2429 lloratius
1029 2367 1138 2428 frustra

90 2460 124 2515 hi
134 2447 327 2524 Tyrtaeum
341 2449 469 2510 Homero
485 2449 650 2529 subiungit?
683 2451 746 2512 Nec
765 2470 835 2512 saue
853 2454 1004 2532 quisquam
1020 2461 1066 2512 est
1081 2461 1138 2512 tarn

132 2533 237 2676 procui
252 2552 268 2594 a
284 2535 451 2611 cognitione
465 2550 566 2595 eorum
580 2546 723 2610 remotus,
745 2545 776 2595 ut
789 2553 848 2596 non
861 2537 985 2597 iudicem
1001 2545 1084 2595 certe
1101 2554 1139 2595 ex

151 2616 309 2679 ibliotheca
329 2628 471 2698 sumptum
492 2619 651 2679 transferre
672 2622 700 2679 in
723 2619 815 2680 libros
838 2637 908 2680 suos
931 2620 1035 2699 possit
1074 2617 1139 2680 Nec

134 2702 238 2778 ignoro
255 2704 343 2780 igitur
359 2719 432 2781 quos
448 2713 566 2764 transeo
579 2722 636 2764 nec
651 2704 750 2782 utique
767 2703 887 2780 damno,
907 2712 938 2763 ut
953 2704 1002 2782 qui
1017 2703 1139 2764 dixerim

134 2801 202 2843 esse
217 2788 245 2844 in
261 2786 391 2846 omnihus
406 2786 536 2847 utilitatis
554 2786 670 2866 aliquid.
706 2786 766 2847 Sed
785 2787 821 2848 ud
840 2787 910 2848 iilos
926 2788 983 2847 iam
995 2787 1139 2866 perlectis

90 2877 127 2932 58
135 2869 355 2949 constitutisque
371 2870 480 2930 viribus
495 2880 691 2939 revertemur;
715 2869 792 2948 quod
813 2872 842 2930 in
863 2873 964 2932 coenis
979 2869 1137 2948 grandibus

134 2966 224 3028 saepe
240 2952 371 3028 iacimus,
385 2963 427 3029 ut,
446 2970 510 3013 cum
526 2955 641 3034 optimis
656 2956 751 3037 sanati
770 2972 882 3031 sumus,
901 2955 1029 3014 varietas
1043 2963 1156 3037 tamen·

134 3032 218 3095 nohis
238 3052 276 3095 ex
290 3035 441 3096 vilioribus
455 3046 538 3114 grata
554 3038 600 3098 sit.
640 3036 721 3098 'lunc
741 3045 770 3098 et
794 3039 954 3116 elegiam
978 3036 1096 3097 vacabit
1110 3038 1139 3096 iu

133 3134 231 3178 manus
254 3136 385 3196 sumere,
409 3121 643 3201 cuius-princeps
657 3120 780 3182 hahetur
801 3120 1066 3197 Callimachus,
1091 3138 1139 3180 se·

46 3217 54 3234 ·
91 3203 243 3268 secundas
267 3202 453 3264 coniessione
474 3204 660 3284 plurimorum
682 3204 851 3266 Philetas
876 3205 1041 3284 occupauit
1079 3203 1139 3265 Sed

135 3284 201 3347 dum
225 3289 407 3367 assequimur
431 3288 510 3349 illam
525 3289 649 3366 firmam,
673 3288 796 3365 audiui,
817 3289 1002 3365 facilitatem,
1024 3289 1139 3367 optimis

135 3371 361 3432 assuescendum
384 3380 430 3433 est
451 3382 480 3433 et
500 3373 589 3433 multa
609 3374 702 3450 magis
762 3390 807 3433 am
832 3371 985 3433 multorum
1010 3372 1140 3432 lectione

134 3450 282 3516 formanda
298 3473 378 3516 mens
395 3466 424 3517 et
439 3455 587 3518 ducendus
605 3456 698 3516 color.
745 3462 833 3535 taque
848 3474 886 3517 ex
900 3455 993 3516 trihus
1009 3455 1141 3535 receptis

213 3606 286 3624 *-
