<?xml version="1.0" encoding="UTF-8"?>
<!DOCTYPE html PUBLIC "-//W3C//DTD XHTML 1.0 Transitional//EN"
    "http://www.w3.org/TR/xhtml1/DTD/xhtml1-transitional.dtd">
<html xmlns="http://www.w3.org/1999/xhtml" xml:lang="en" lang="en">
 <head>
  <title>
</title>
<meta http-equiv="Content-Type" content="text/html;charset=utf-8" />
  <meta name='ocr-system' content='tesseract 3.04.00' />
  <meta name='ocr-capabilities' content='ocr_page ocr_carea ocr_par ocr_line ocrx_word'/>
</head>
<body>
  <div class='ocr_page' id='page_1' title='image "./mfabiiquintilia08quingoog_0186.png"; bbox 0 0 2408 3854; ppageno 0'>
   <div class='ocr_carea' id='block_1_1' title="bbox 371 148 1084 221">
    <p class='ocr_par' dir='ltr' id='par_1_1' title="bbox 371 148 1084 221">
     <span class='ocr_line' id='line_1_1' title="bbox 371 148 1084 221; baseline 0.007 -17"><span class='ocrx_word' id='word_1_1' title='bbox 371 156 463 206; x_wconf 78' lang='lat' dir='ltr'><strong>insu.</strong></span> <span class='ocrx_word' id='word_1_2' title='bbox 486 155 638 207; x_wconf 74' lang='lat' dir='ltr'><strong>coenon.</strong></span> <span class='ocrx_word' id='word_1_3' title='bbox 662 157 732 203; x_wconf 83' lang='lat' dir='ltr'><strong>nnn.</strong></span> <span class='ocrx_word' id='word_1_4' title='bbox 746 157 784 221; x_wconf 81' lang='lat' dir='ltr'><strong>x,</strong></span> <span class='ocrx_word' id='word_1_5' title='bbox 803 155 829 206; x_wconf 89' lang='lat'><strong>1.</strong></span> <span class='ocrx_word' id='word_1_6' title='bbox 1028 148 1084 211; x_wconf 84' lang='lat'><strong>161</strong></span> 
     </span>
    </p>
   </div>
   <div class='ocr_carea' id='block_1_2' title="bbox 33 311 1187 3568">
    <p class='ocr_par' dir='ltr' id='par_1_2' title="bbox 33 311 1187 2909">
     <span class='ocr_line' id='line_1_2' title="bbox 80 311 1087 393; baseline -0.001 -17"><span class='ocrx_word' id='word_1_7' title='bbox 80 325 174 390; x_wconf 89' lang='lat' dir='ltr'><strong>cutus,</strong></span> <span class='ocrx_word' id='word_1_8' title='bbox 193 316 335 393; x_wconf 75' lang='lat' dir='ltr'>interpres</span> <span class='ocrx_word' id='word_1_9' title='bbox 351 312 450 391; x_wconf 89' lang='lat' dir='ltr'><strong>operis</strong></span> <span class='ocrx_word' id='word_1_10' title='bbox 469 311 571 387; x_wconf 86' lang='lat' dir='ltr'><strong>alieni,</strong></span> <span class='ocrx_word' id='word_1_11' title='bbox 588 329 646 373; x_wconf 89' lang='lat' dir='ltr'><strong>non</strong></span> <span class='ocrx_word' id='word_1_12' title='bbox 661 313 841 390; x_wconf 90' lang='lat' dir='ltr'><strong>spernendus</strong></span> <span class='ocrx_word' id='word_1_13' title='bbox 858 313 972 392; x_wconf 85' lang='lat' dir='ltr'><strong>quidem</strong></span> <span class='ocrx_word' id='word_1_14' title='bbox 987 333 1087 375; x_wconf 87' lang='lat' dir='ltr'><strong>verum</strong></span> 
     </span>
     <span class='ocr_line' id='line_1_3' title="bbox 80 395 1130 476; baseline -0.002 -16"><span class='ocrx_word' id='word_1_15' title='bbox 80 401 116 460; x_wconf 87' lang='lat' dir='ltr'><strong>ad</strong></span> <span class='ocrx_word' id='word_1_16' title='bbox 132 397 292 476; x_wconf 85' lang='lat' dir='ltr'><strong>augendam</strong></span> <span class='ocrx_word' id='word_1_17' title='bbox 310 396 478 463; x_wconf 72' lang='lat' dir='ltr'><strong>facultatem</strong></span> <span class='ocrx_word' id='word_1_18' title='bbox 498 395 612 457; x_wconf 87' lang='lat' dir='ltr'><strong>dicendi</strong></span> <span class='ocrx_word' id='word_1_19' title='bbox 634 414 734 475; x_wconf 90' lang='lat' dir='ltr'><strong>parum</strong></span> <span class='ocrx_word' id='word_1_20' title='bbox 754 396 899 476; x_wconf 78' lang='lat' dir='ltr'><strong>locuples.</strong></span> <span class='ocrx_word' id='word_1_21' title='bbox 934 396 1130 467; x_wconf 72' lang='lat' dir='ltr'><strong>Enniumgs</strong></span> 
     </span>
     <span class='ocr_line' id='line_1_4' title="bbox 80 478 1087 558; baseline 0 -16"><span class='ocrx_word' id='word_1_22' title='bbox 80 487 154 544; x_wconf 91' lang='lat' dir='ltr'><strong>sicut</strong></span> <span class='ocrx_word' id='word_1_23' title='bbox 170 500 272 543; x_wconf 87' lang='lat' dir='ltr'><strong>sacros</strong></span> <span class='ocrx_word' id='word_1_24' title='bbox 285 489 429 540; x_wconf 88' lang='lat' dir='ltr'><strong>vetustate</strong></span> <span class='ocrx_word' id='word_1_25' title='bbox 447 480 531 540; x_wconf 87' lang='lat' dir='ltr'><strong>lucos</strong></span> <span class='ocrx_word' id='word_1_26' title='bbox 549 478 717 556; x_wconf 82' lang='lat' dir='ltr'><strong>adoremus,</strong></span> <span class='ocrx_word' id='word_1_27' title='bbox 740 483 768 539; x_wconf 93' lang='lat' dir='ltr'><strong>in</strong></span> <span class='ocrx_word' id='word_1_28' title='bbox 789 481 893 558; x_wconf 84' lang='lat' dir='ltr'><strong>quibus</strong></span> <span class='ocrx_word' id='word_1_29' title='bbox 913 481 1034 558; x_wconf 75' lang='lat' dir='ltr'><strong>grandia</strong></span> <span class='ocrx_word' id='word_1_30' title='bbox 1058 493 1087 542; x_wconf 89' lang='lat' dir='ltr'><strong>et</strong></span> 
     </span>
     <span class='ocr_line' id='line_1_5' title="bbox 79 564 1086 645; baseline -0.003 -17"><span class='ocrx_word' id='word_1_31' title='bbox 79 570 194 645; x_wconf 87' lang='lat' dir='ltr'><strong>antiqua</strong></span> <span class='ocrx_word' id='word_1_32' title='bbox 211 565 318 626; x_wconf 90' lang='lat' dir='ltr'><strong>robora</strong></span> <span class='ocrx_word' id='word_1_33' title='bbox 333 565 387 624; x_wconf 87' lang='lat' dir='ltr'><strong>iam</strong></span> <span class='ocrx_word' id='word_1_34' title='bbox 404 581 460 623; x_wconf 89' lang='lat' dir='ltr'><strong>non</strong></span> <span class='ocrx_word' id='word_1_35' title='bbox 483 573 590 624; x_wconf 83' lang='lat' dir='ltr'><strong>tanturn</strong></span> <span class='ocrx_word' id='word_1_36' title='bbox 604 564 712 625; x_wconf 88' lang='lat' dir='ltr'><strong>babent</strong></span> <span class='ocrx_word' id='word_1_37' title='bbox 727 567 858 644; x_wconf 89' lang='lat' dir='ltr'><strong>speciem</strong></span> <span class='ocrx_word' id='word_1_38' title='bbox 872 573 1004 645; x_wconf 86' lang='lat' dir='ltr'><strong>quantam</strong></span> <span class='ocrx_word' id='word_1_39' title='bbox 1019 566 1086 627; x_wconf 89' lang='lat' dir='ltr'><strong>reli·</strong></span> 
     </span>
     <span class='ocr_line' id='line_1_6' title="bbox 78 647 1088 730; baseline -0.001 -19"><span class='ocrx_word' id='word_1_40' title='bbox 78 655 204 730; x_wconf 87' lang='lat' dir='ltr'><strong>gionem.</strong></span> <span class='ocrx_word' id='word_1_41' title='bbox 232 649 390 727; x_wconf 85' lang='lat' dir='ltr'><strong>Propiores</strong></span> <span class='ocrx_word' id='word_1_42' title='bbox 401 647 451 706; x_wconf 87' lang='lat' dir='ltr'><strong>alii</strong></span> <span class='ocrx_word' id='word_1_43' title='bbox 465 657 552 727; x_wconf 86' lang='lat' dir='ltr'><strong>atque</strong></span> <span class='ocrx_word' id='word_1_44' title='bbox 564 647 600 707; x_wconf 87' lang='lat' dir='ltr'><strong>ad</strong></span> <span class='ocrx_word' id='word_1_45' title='bbox 615 648 682 725; x_wconf 86' lang='lat' dir='ltr'><strong>boc,</strong></span> <span class='ocrx_word' id='word_1_46' title='bbox 699 648 736 709; x_wconf 87' lang='lat' dir='ltr'><strong>de</strong></span> <span class='ocrx_word' id='word_1_47' title='bbox 752 666 809 727; x_wconf 86' lang='lat' dir='ltr'><strong>quo</strong></span> <span class='ocrx_word' id='word_1_48' title='bbox 826 650 979 729; x_wconf 85' lang='lat' dir='ltr'><strong>loquimur,</strong></span> <span class='ocrx_word' id='word_1_49' title='bbox 995 654 1088 730; x_wconf 87' lang='lat' dir='ltr'><strong>magis</strong></span> 
     </span>
     <span class='ocr_line' id='line_1_7' title="bbox 79 731 1087 811; baseline -0.001 -15"><span class='ocrx_word' id='word_1_50' title='bbox 79 737 176 796; x_wconf 91' lang='lat' dir='ltr'><strong>utiles.</strong></span> <span class='ocrx_word' id='word_1_51' title='bbox 214 733 354 793; x_wconf 76' lang='lat' dir='ltr'><strong>lascivus</strong></span> <span class='ocrx_word' id='word_1_52' title='bbox 378 731 493 810; x_wconf 85' lang='lat' dir='ltr'><strong>quidem</strong></span> <span class='ocrx_word' id='word_1_53' title='bbox 515 734 543 790; x_wconf 92' lang='lat' dir='ltr'><strong>in</strong></span> <span class='ocrx_word' id='word_1_54' title='bbox 566 731 664 791; x_wconf 91' lang='lat' dir='ltr'><strong>herois</strong></span> <span class='ocrx_word' id='word_1_55' title='bbox 684 749 800 811; x_wconf 86' lang='lat' dir='ltr'><strong>qnoque</strong></span> <span class='ocrx_word' id='word_1_56' title='bbox 817 731 974 795; x_wconf 85' lang='lat' dir='ltr'><strong>Ovidius</strong></span> <span class='ocrx_word' id='word_1_57' title='bbox 996 744 1025 794; x_wconf 87' lang='lat' dir='ltr'><strong>et</strong></span> <span class='ocrx_word' id='word_1_58' title='bbox 1046 738 1087 795; x_wconf 91' lang='lat' dir='ltr'><strong>ni·</strong></span> 
     </span>
     <span class='ocr_line' id='line_1_8' title="bbox 78 813 1130 895; baseline 0.005 -16"><span class='ocrx_word' id='word_1_59' title='bbox 78 822 163 879; x_wconf 88' lang='lat' dir='ltr'><strong>mium</strong></span> <span class='ocrx_word' id='word_1_60' title='bbox 180 826 292 877; x_wconf 86' lang='lat' dir='ltr'><strong>amator</strong></span> <span class='ocrx_word' id='word_1_61' title='bbox 309 816 417 892; x_wconf 88' lang='lat' dir='ltr'><strong>ingenii</strong></span> <span class='ocrx_word' id='word_1_62' title='bbox 432 816 487 890; x_wconf 88' lang='lat' dir='ltr'><strong>sui,</strong></span> <span class='ocrx_word' id='word_1_63' title='bbox 503 813 661 876; x_wconf 86' lang='lat' dir='ltr'><strong>landandus</strong></span> <span class='ocrx_word' id='word_1_64' title='bbox 678 819 812 877; x_wconf 88' lang='lat' dir='ltr'><strong>tamenin</strong></span> <span class='ocrx_word' id='word_1_65' title='bbox 827 817 967 895; x_wconf 85' lang='lat' dir='ltr'><strong>partibus.</strong></span> <span class='ocrx_word' id='word_1_66' title='bbox 1000 817 1130 884; x_wconf 81' lang='lat' dir='ltr'><strong>cor-ss</strong></span> 
     </span>
     <span class='ocr_line' id='line_1_9' title="bbox 78 899 1088 982; baseline 0 -20"><span class='ocrx_word' id='word_1_67' title='bbox 78 904 199 962; x_wconf 91' lang='lat' dir='ltr'><strong>nelius</strong></span> <span class='ocrx_word' id='word_1_68' title='bbox 223 909 318 961; x_wconf 89' lang='lat' dir='ltr'><strong>nutem</strong></span> <span class='ocrx_word' id='word_1_69' title='bbox 346 899 524 973; x_wconf 84' lang='lat' dir='ltr'><strong>Severus,</strong></span> <span class='ocrx_word' id='word_1_70' title='bbox 555 901 665 959; x_wconf 88' lang='lat' dir='ltr'><strong>etiamsi</strong></span> <span class='ocrx_word' id='word_1_71' title='bbox 687 900 870 962; x_wconf 87' lang='lat' dir='ltr'><strong>versificator</strong></span> <span class='ocrx_word' id='word_1_72' title='bbox 891 919 977 981; x_wconf 85' lang='lat' dir='ltr'><strong>quam</strong></span> <span class='ocrx_word' id='word_1_73' title='bbox 999 912 1088 982; x_wconf 86' lang='lat' dir='ltr'><strong>poeta</strong></span> 
     </span>
     <span class='ocr_line' id='line_1_10' title="bbox 77 983 1089 1064; baseline -0.001 -17"><span class='ocrx_word' id='word_1_74' title='bbox 77 988 192 1060; x_wconf 87' lang='lat' dir='ltr'><strong>melior,</strong></span> <span class='ocrx_word' id='word_1_75' title='bbox 206 987 231 1045; x_wconf 91' lang='lat' dir='ltr'><strong>si</strong></span> <span class='ocrx_word' id='word_1_76' title='bbox 242 993 347 1059; x_wconf 90' lang='lat' dir='ltr'><strong>tamen,</strong></span> <span class='ocrx_word' id='word_1_77' title='bbox 361 993 392 1043; x_wconf 86' lang='lat' dir='ltr'><strong>ut</strong></span> <span class='ocrx_word' id='word_1_78' title='bbox 407 992 452 1042; x_wconf 91' lang='lat' dir='ltr'><strong>est</strong></span> <span class='ocrx_word' id='word_1_79' title='bbox 462 983 579 1059; x_wconf 85' lang='lat' dir='ltr'><strong>dictum,</strong></span> <span class='ocrx_word' id='word_1_80' title='bbox 593 983 629 1044; x_wconf 87' lang='lat' dir='ltr'><strong>ad</strong></span> <span class='ocrx_word' id='word_1_81' title='bbox 642 984 792 1061; x_wconf 87' lang='lat' dir='ltr'><strong>exemplar</strong></span> <span class='ocrx_word' id='word_1_82' title='bbox 803 987 886 1064; x_wconf 91' lang='lat' dir='ltr'><strong>primi</strong></span> <span class='ocrx_word' id='word_1_83' title='bbox 898 984 964 1046; x_wconf 82' lang='lat' dir='ltr'><strong>libri</strong></span> <span class='ocrx_word' id='word_1_84' title='bbox 978 985 1089 1061; x_wconf 82' lang='lat' dir='ltr'><strong>bellum</strong></span> 
     </span>
     <span class='ocr_line' id='line_1_11' title="bbox 78 1067 1087 1147; baseline -0.002 -17"><span class='ocrx_word' id='word_1_85' title='bbox 78 1071 207 1131; x_wconf 91' lang='lat' dir='ltr'><strong>Siculum</strong></span> <span class='ocrx_word' id='word_1_86' title='bbox 222 1069 461 1147; x_wconf 89' lang='lat' dir='ltr'><strong>perscripsisset‚</strong></span> <span class='ocrx_word' id='word_1_87' title='bbox 479 1067 640 1129; x_wconf 88' lang='lat' dir='ltr'><strong>vindicaret</strong></span> <span class='ocrx_word' id='word_1_88' title='bbox 654 1067 709 1127; x_wconf 92' lang='lat' dir='ltr'><strong>sibi</strong></span> <span class='ocrx_word' id='word_1_89' title='bbox 726 1069 789 1129; x_wconf 89' lang='lat' dir='ltr'><strong>iure</strong></span> <span class='ocrx_word' id='word_1_90' title='bbox 807 1068 964 1129; x_wconf 88' lang='lat' dir='ltr'><strong>secuudum</strong></span> <span class='ocrx_word' id='word_1_91' title='bbox 980 1070 1087 1131; x_wconf 90' lang='lat' dir='ltr'><strong>locum.</strong></span> 
     </span>
     <span class='ocr_line' id='line_1_12' title="bbox 78 1153 1087 1232; baseline -0.001 -18"><span class='ocrx_word' id='word_1_92' title='bbox 78 1157 274 1215; x_wconf 88' lang='lat' dir='ltr'><strong>Serranum</strong></span> <span class='ocrx_word' id='word_1_93' title='bbox 292 1153 482 1212; x_wconf 88' lang='lat' dir='ltr'><strong>consummari</strong></span> <span class='ocrx_word' id='word_1_94' title='bbox 493 1169 572 1212; x_wconf 92' lang='lat' dir='ltr'><strong>mors</strong></span> <span class='ocrx_word' id='word_1_95' title='bbox 585 1154 733 1212; x_wconf 87' lang='lat' dir='ltr'><strong>immatura</strong></span> <span class='ocrx_word' id='word_1_96' title='bbox 746 1169 804 1212; x_wconf 94' lang='lat' dir='ltr'><strong>non</strong></span> <span class='ocrx_word' id='word_1_97' title='bbox 815 1171 902 1230; x_wconf 86' lang='lat' dir='ltr'><strong>passa</strong></span> <span class='ocrx_word' id='word_1_98' title='bbox 915 1162 973 1222; x_wconf 86' lang='lat' dir='ltr'><strong>est;</strong></span> <span class='ocrx_word' id='word_1_99' title='bbox 991 1155 1087 1232; x_wconf 87' lang='lat' dir='ltr'><strong>pueri·</strong></span> 
     </span>
     <span class='ocr_line' id='line_1_13' title="bbox 78 1236 1088 1314; baseline -0.002 -16"><span class='ocrx_word' id='word_1_100' title='bbox 78 1239 115 1299; x_wconf 85' lang='lat' dir='ltr'><strong>lia</strong></span> <span class='ocrx_word' id='word_1_101' title='bbox 124 1247 219 1298; x_wconf 89' lang='lat' dir='ltr'><strong>tamen</strong></span> <span class='ocrx_word' id='word_1_102' title='bbox 235 1240 297 1296; x_wconf 88' lang='lat' dir='ltr'><strong>eins</strong></span> <span class='ocrx_word' id='word_1_103' title='bbox 310 1253 401 1314; x_wconf 88' lang='lat' dir='ltr'><strong>opera</strong></span> <span class='ocrx_word' id='word_1_104' title='bbox 414 1243 443 1294; x_wconf 91' lang='lat' dir='ltr'><strong>ct</strong></span> <span class='ocrx_word' id='word_1_105' title='bbox 461 1238 611 1297; x_wconf 81' lang='lat' dir='ltr'><strong>maximam</strong></span> <span class='ocrx_word' id='word_1_106' title='bbox 624 1236 751 1297; x_wconf 79' lang='lat' dir='ltr'><strong>indolem</strong></span> <span class='ocrx_word' id='word_1_107' title='bbox 763 1236 918 1297; x_wconf 87' lang='lat' dir='ltr'><strong>ostendunt</strong></span> <span class='ocrx_word' id='word_1_108' title='bbox 924 1245 954 1296; x_wconf 91' lang='lat' dir='ltr'><strong>et</strong></span> <span class='ocrx_word' id='word_1_109' title='bbox 967 1236 1088 1297; x_wconf 85' lang='lat' dir='ltr'><strong>admira·</strong></span> 
     </span>
     <span class='ocr_line' id='line_1_14' title="bbox 77 1319 1132 1399; baseline 0.004 -17"><span class='ocrx_word' id='word_1_110' title='bbox 77 1322 166 1382; x_wconf 86' lang='lat' dir='ltr'><strong>bilem</strong></span> <span class='ocrx_word' id='word_1_111' title='bbox 174 1322 334 1399; x_wconf 79' lang='lat' dir='ltr'><strong>praecipue</strong></span> <span class='ocrx_word' id='word_1_112' title='bbox 346 1321 374 1380; x_wconf 94' lang='lat' dir='ltr'><strong>in</strong></span> <span class='ocrx_word' id='word_1_113' title='bbox 386 1329 482 1380; x_wconf 86' lang='lat' dir='ltr'><strong>aetate</strong></span> <span class='ocrx_word' id='word_1_114' title='bbox 493 1320 543 1381; x_wconf 91' lang='lat' dir='ltr'><strong>illa</strong></span> <span class='ocrx_word' id='word_1_115' title='bbox 554 1321 628 1381; x_wconf 89' lang='lat' dir='ltr'><strong>recti</strong></span> <span class='ocrx_word' id='word_1_116' title='bbox 639 1321 757 1398; x_wconf 87' lang='lat' dir='ltr'><strong>generis</strong></span> <span class='ocrx_word' id='word_1_117' title='bbox 768 1320 955 1380; x_wconf 81' lang='lat' dir='ltr'><strong>voluntatem.</strong></span> <span class='ocrx_word' id='word_1_118' title='bbox 972 1319 1132 1386; x_wconf 74' lang='lat' dir='ltr'><strong>nutrimen</strong></span> 
     </span>
     <span class='ocr_line' id='line_1_15' title="bbox 77 1403 1088 1484; baseline -0.003 -18"><span class='ocrx_word' id='word_1_119' title='bbox 77 1410 106 1467; x_wconf 93' lang='lat' dir='ltr'><strong>in</strong></span> <span class='ocrx_word' id='word_1_120' title='bbox 120 1405 276 1465; x_wconf 90' lang='lat' dir='ltr'><strong>Valerio</strong></span> <span class='ocrx_word' id='word_1_121' title='bbox 296 1403 438 1465; x_wconf 81' lang='lat' dir='ltr'><strong>Flacco</strong></span> <span class='ocrx_word' id='word_1_122' title='bbox 460 1422 554 1483; x_wconf 91' lang='lat' dir='ltr'><strong>nuper</strong></span> <span class='ocrx_word' id='word_1_123' title='bbox 576 1406 730 1466; x_wconf 88' lang='lat' dir='ltr'><strong>amisimus.</strong></span> <span class='ocrx_word' id='word_1_124' title='bbox 765 1404 932 1466; x_wconf 85' lang='lat' dir='ltr'><strong>Vehemens</strong></span> <span class='ocrx_word' id='word_1_125' title='bbox 949 1414 978 1465; x_wconf 89' lang='lat' dir='ltr'><strong>et</strong></span> <span class='ocrx_word' id='word_1_126' title='bbox 993 1405 1088 1484; x_wconf 85' lang='lat' dir='ltr'><strong>poeti·</strong></span> 
     </span>
     <span class='ocr_line' id='line_1_16' title="bbox 78 1487 1087 1568; baseline -0.002 -18"><span class='ocrx_word' id='word_1_127' title='bbox 78 1508 143 1550; x_wconf 90' lang='lat' dir='ltr'><strong>cum</strong></span> <span class='ocrx_word' id='word_1_128' title='bbox 157 1489 302 1566; x_wconf 81' lang='lat' dir='ltr'><strong>ingenium</strong></span> <span class='ocrx_word' id='word_1_129' title='bbox 317 1487 437 1549; x_wconf 90' lang='lat' dir='ltr'><strong>Saleii</strong></span> <span class='ocrx_word' id='word_1_130' title='bbox 452 1487 557 1548; x_wconf 87' lang='lat' dir='ltr'><strong>Bassi</strong></span> <span class='ocrx_word' id='word_1_131' title='bbox 572 1489 640 1564; x_wconf 88' lang='lat' dir='ltr'><strong>fuit,</strong></span> <span class='ocrx_word' id='word_1_132' title='bbox 661 1507 717 1550; x_wconf 89' lang='lat' dir='ltr'><strong>nec</strong></span> <span class='ocrx_word' id='word_1_133' title='bbox 736 1490 830 1568; x_wconf 89' lang='lat' dir='ltr'><strong>ipsum</strong></span> <span class='ocrx_word' id='word_1_134' title='bbox 845 1498 982 1550; x_wconf 88' lang='lat' dir='ltr'><strong>senectus</strong></span> <span class='ocrx_word' id='word_1_135' title='bbox 997 1498 1087 1550; x_wconf 90' lang='lat' dir='ltr'><strong>matu-</strong></span> 
     </span>
     <span class='ocr_line' id='line_1_17' title="bbox 77 1571 1187 1650; baseline -0.001 -17"><span class='ocrx_word' id='word_1_136' title='bbox 77 1575 160 1634; x_wconf 84' lang='lat' dir='ltr'><strong>ravit.</strong></span> <span class='ocrx_word' id='word_1_137' title='bbox 193 1571 369 1632; x_wconf 83' lang='lat' dir='ltr'><strong>Rabirius</strong></span> <span class='ocrx_word' id='word_1_138' title='bbox 391 1590 427 1632; x_wconf 90' lang='lat' dir='ltr'><strong>ae</strong></span> <span class='ocrx_word' id='word_1_139' title='bbox 441 1571 537 1631; x_wconf 85' lang='lat' dir='ltr'><strong>l&#39;edo</strong></span> <span class='ocrx_word' id='word_1_140' title='bbox 558 1590 616 1632; x_wconf 92' lang='lat' dir='ltr'><strong>nou</strong></span> <span class='ocrx_word' id='word_1_141' title='bbox 632 1573 741 1650; x_wconf 83' lang='lat' dir='ltr'><strong>indigni</strong></span> <span class='ocrx_word' id='word_1_142' title='bbox 756 1575 934 1649; x_wconf 78' lang='lat' dir='ltr'><strong>cognitione,</strong></span> <span class='ocrx_word' id='word_1_143' title='bbox 951 1575 977 1633; x_wconf 93' lang='lat' dir='ltr'><strong>si</strong></span> <span class='ocrx_word' id='word_1_144' title='bbox 991 1583 1086 1634; x_wconf 87' lang='lat' dir='ltr'><strong>vacet.</strong></span> <span class='ocrx_word' id='word_1_145' title='bbox 1185 1576 1187 1583; x_wconf 90' lang='lat'>&#39;</span> 
     </span>
     <span class='ocr_line' id='line_1_18' title="bbox 77 1655 1087 1732; baseline -0.001 -15"><span class='ocrx_word' id='word_1_146' title='bbox 77 1657 245 1717; x_wconf 80' lang='lat' dir='ltr'><strong>lucanus</strong></span> <span class='ocrx_word' id='word_1_147' title='bbox 270 1655 375 1716; x_wconf 87' lang='lat' dir='ltr'><strong>ardens</strong></span> <span class='ocrx_word' id='word_1_148' title='bbox 398 1666 427 1715; x_wconf 87' lang='lat' dir='ltr'><strong>et</strong></span> <span class='ocrx_word' id='word_1_149' title='bbox 445 1657 606 1716; x_wconf 89' lang='lat' dir='ltr'><strong>concitatus</strong></span> <span class='ocrx_word' id='word_1_150' title='bbox 625 1666 654 1715; x_wconf 91' lang='lat' dir='ltr'><strong>et</strong></span> <span class='ocrx_word' id='word_1_151' title='bbox 675 1658 825 1716; x_wconf 85' lang='lat' dir='ltr'><strong>sententiis</strong></span> <span class='ocrx_word' id='word_1_152' title='bbox 848 1656 1026 1717; x_wconf 88' lang='lat' dir='ltr'><strong>clarissimus</strong></span> <span class='ocrx_word' id='word_1_153' title='bbox 1047 1667 1087 1732; x_wconf 81' lang='lat' dir='ltr'><strong>et,</strong></span> 
     </span>
     <span class='ocr_line' id='line_1_19' title="bbox 77 1738 1088 1818; baseline -0.002 -18"><span class='ocrx_word' id='word_1_154' title='bbox 77 1751 107 1800; x_wconf 91' lang='lat' dir='ltr'><strong>ut</strong></span> <span class='ocrx_word' id='word_1_155' title='bbox 124 1741 217 1801; x_wconf 84' lang='lat' dir='ltr'><strong>dicam</strong></span> <span class='ocrx_word' id='word_1_156' title='bbox 233 1740 310 1818; x_wconf 86' lang='lat' dir='ltr'><strong>quod</strong></span> <span class='ocrx_word' id='word_1_157' title='bbox 330 1741 443 1814; x_wconf 87' lang='lat' dir='ltr'><strong>sentio,</strong></span> <span class='ocrx_word' id='word_1_158' title='bbox 465 1740 558 1815; x_wconf 85' lang='lat' dir='ltr'><strong>magis</strong></span> <span class='ocrx_word' id='word_1_159' title='bbox 579 1738 744 1799; x_wconf 89' lang='lat' dir='ltr'><strong>oratoribus</strong></span> <span class='ocrx_word' id='word_1_160' title='bbox 763 1757 848 1817; x_wconf 83' lang='lat' dir='ltr'><strong>quam</strong></span> <span class='ocrx_word' id='word_1_161' title='bbox 867 1742 962 1818; x_wconf 86' lang='lat' dir='ltr'><strong>poetis</strong></span> <span class='ocrx_word' id='word_1_162' title='bbox 978 1741 1088 1800; x_wconf 88' lang='lat' dir='ltr'><strong>imitan-</strong></span> 
     </span>
     <span class='ocr_line' id='line_1_20' title="bbox 77 1821 1130 1901; baseline 0.002 -17"><span class='ocrx_word' id='word_1_163' title='bbox 77 1825 139 1884; x_wconf 87' lang='lat' dir='ltr'><strong>dus.</strong></span> <span class='ocrx_word' id='word_1_164' title='bbox 179 1824 239 1883; x_wconf 86' lang='lat' dir='ltr'><strong>llos</strong></span> <span class='ocrx_word' id='word_1_165' title='bbox 254 1823 479 1898; x_wconf 85' lang='lat' dir='ltr'><strong>nominavimus,</strong></span> <span class='ocrx_word' id='word_1_166' title='bbox 506 1825 572 1901; x_wconf 87' lang='lat' dir='ltr'><strong>quia</strong></span> <span class='ocrx_word' id='word_1_167' title='bbox 593 1821 793 1884; x_wconf 85' lang='lat' dir='ltr'><strong>Germanicum</strong></span> <span class='ocrx_word' id='word_1_168' title='bbox 814 1821 977 1900; x_wconf 79' lang='lat' dir='ltr'><strong>Augustum</strong></span> <span class='ocrx_word' id='word_1_169' title='bbox 993 1822 1029 1883; x_wconf 87' lang='lat' dir='ltr'><strong>ab</strong></span> <span class='ocrx_word' id='word_1_170' title='bbox 1046 1824 1087 1883; x_wconf 88' lang='lat' dir='ltr'><strong>in·</strong></span> <span class='ocrx_word' id='word_1_171' title='bbox 1096 1831 1130 1886; x_wconf 82' lang='lat'><strong>91</strong></span> 
     </span>
     <span class='ocr_line' id='line_1_21' title="bbox 77 1906 1088 1986; baseline -0.002 -18"><span class='ocrx_word' id='word_1_172' title='bbox 77 1910 183 1968; x_wconf 79' lang='lat' dir='ltr'><strong>stitutio</strong></span> <span class='ocrx_word' id='word_1_173' title='bbox 207 1908 309 1968; x_wconf 89' lang='lat' dir='ltr'><strong>studiis</strong></span> <span class='ocrx_word' id='word_1_174' title='bbox 335 1906 455 1967; x_wconf 83' lang='lat' dir='ltr'><strong>deflexit</strong></span> <span class='ocrx_word' id='word_1_175' title='bbox 479 1924 549 1966; x_wconf 89' lang='lat' dir='ltr'><strong>cura</strong></span> <span class='ocrx_word' id='word_1_176' title='bbox 570 1915 724 1982; x_wconf 83' lang='lat' dir='ltr'><strong>terrarum,</strong></span> <span class='ocrx_word' id='word_1_177' title='bbox 748 1923 907 1986; x_wconf 85' lang='lat' dir='ltr'><strong>parumque</strong></span> <span class='ocrx_word' id='word_1_178' title='bbox 925 1906 979 1967; x_wconf 87' lang='lat' dir='ltr'><strong>diis</strong></span> <span class='ocrx_word' id='word_1_179' title='bbox 996 1908 1088 1966; x_wconf 81' lang='lat' dir='ltr'><strong>visum</strong></span> 
     </span>
     <span class='ocr_line' id='line_1_22' title="bbox 77 1989 1087 2090; baseline -0.003 -38"><span class='ocrx_word' id='word_1_180' title='bbox 77 2001 124 2052; x_wconf 91' lang='lat' dir='ltr'><strong>est</strong></span> <span class='ocrx_word' id='word_1_181' title='bbox 140 2010 209 2052; x_wconf 89' lang='lat' dir='ltr'><strong>esse</strong></span> <span class='ocrx_word' id='word_1_182' title='bbox 226 2010 290 2051; x_wconf 89' lang='lat' dir='ltr'><strong>eum</strong></span> <span class='ocrx_word' id='word_1_183' title='bbox 304 1992 456 2051; x_wconf 78' lang='lat' dir='ltr'><strong>monimum</strong></span> <span class='ocrx_word' id='word_1_184' title='bbox 471 1999 630 2068; x_wconf 85' lang='lat' dir='ltr'><strong>poetarum.</strong></span> <span class='ocrx_word' id='word_1_185' title='bbox 661 1989 756 2090; x_wconf 42' lang='lat' dir='ltr'><strong>Quill·</strong></span> <span class='ocrx_word' id='word_1_186' title='bbox 766 2000 862 2051; x_wconf 87' lang='lat' dir='ltr'><strong>tamen</strong></span> <span class='ocrx_word' id='word_1_187' title='bbox 877 1990 946 2051; x_wconf 93' lang='lat' dir='ltr'><strong>bis</strong></span> <span class='ocrx_word' id='word_1_188' title='bbox 937 1991 1009 2069; x_wconf 80' lang='lat' dir='ltr'><strong>ipsis</strong></span> <span class='ocrx_word' id='word_1_189' title='bbox 1025 1992 1087 2050; x_wconf 88' lang='lat' dir='ltr'><strong>eins</strong></span> 
     </span>
     <span class='ocr_line' id='line_1_23' title="bbox 77 2073 1087 2175; baseline -0.003 -39"><span class='ocrx_word' id='word_1_190' title='bbox 77 2075 234 2175; x_wconf 88' lang='lat' dir='ltr'><strong>operibus,</strong></span> <span class='ocrx_word' id='word_1_191' title='bbox 257 2076 285 2136; x_wconf 91' lang='lat' dir='ltr'><strong>in</strong></span> <span class='ocrx_word' id='word_1_192' title='bbox 301 2092 376 2155; x_wconf 86' lang='lat' dir='ltr'><strong>qnae</strong></span> <span class='ocrx_word' id='word_1_193' title='bbox 395 2075 525 2135; x_wconf 89' lang='lat' dir='ltr'><strong>donato</strong></span> <span class='ocrx_word' id='word_1_194' title='bbox 518 2075 651 2165; x_wconf 84' lang='lat' dir='ltr'><strong>imperio</strong></span> <span class='ocrx_word' id='word_1_195' title='bbox 660 2076 771 2135; x_wconf 87' lang='lat' dir='ltr'><strong>iuvenis</strong></span> <span class='ocrx_word' id='word_1_196' title='bbox 789 2084 975 2150; x_wconf 86' lang='lat' dir='ltr'><strong>secesserat,</strong></span> <span class='ocrx_word' id='word_1_197' title='bbox 997 2073 1087 2134; x_wconf 94' lang='lat' dir='ltr'><strong>subli-</strong></span> 
     </span>
     <span class='ocr_line' id='line_1_24' title="bbox 77 2152 1087 2238; baseline -0.002 -18"><span class='ocrx_word' id='word_1_198' title='bbox 77 2163 165 2235; x_wconf 82' lang='lat' dir='ltr'><strong>nnius,</strong></span> <span class='ocrx_word' id='word_1_199' title='bbox 185 2159 317 2233; x_wconf 77' lang='lat' dir='ltr'><strong>doctius,</strong></span> <span class='ocrx_word' id='word_1_200' title='bbox 341 2157 472 2219; x_wconf 91' lang='lat' dir='ltr'><strong>omnibus</strong></span> <span class='ocrx_word' id='word_1_201' title='bbox 488 2152 651 2238; x_wconf 81' lang='lat' dir='ltr'><strong>(lenique</strong></span> <span class='ocrx_word' id='word_1_202' title='bbox 629 2161 754 2220; x_wconf 88' lang='lat' dir='ltr'><strong>numeris</strong></span> <span class='ocrx_word' id='word_1_203' title='bbox 770 2155 985 2238; x_wconf 78' lang='lat' dir='ltr'><strong>praestantius?</strong></span> <span class='ocrx_word' id='word_1_204' title='bbox 1016 2157 1087 2233; x_wconf 81' lang='lat' dir='ltr'><strong>Quis</strong></span> 
     </span>
     <span class='ocr_line' id='line_1_25' title="bbox 78 2241 1087 2323; baseline -0.001 -20"><span class='ocrx_word' id='word_1_205' title='bbox 78 2246 153 2303; x_wconf 88' lang='lat' dir='ltr'><strong>enirn</strong></span> <span class='ocrx_word' id='word_1_206' title='bbox 171 2250 291 2304; x_wconf 86' lang='lat' dir='ltr'><strong>caneret</strong></span> <span class='ocrx_word' id='word_1_207' title='bbox 305 2242 384 2303; x_wconf 87' lang='lat' dir='ltr'><strong>bella</strong></span> <span class='ocrx_word' id='word_1_208' title='bbox 399 2243 514 2318; x_wconf 87' lang='lat' dir='ltr'><strong>melius,</strong></span> <span class='ocrx_word' id='word_1_209' title='bbox 530 2261 614 2321; x_wconf 84' lang='lat' dir='ltr'><strong>qnam</strong></span> <span class='ocrx_word' id='word_1_210' title='bbox 632 2246 682 2323; x_wconf 83' lang='lat' dir='ltr'><strong>qni</strong></span> <span class='ocrx_word' id='word_1_211' title='bbox 693 2246 736 2304; x_wconf 87' lang='lat' dir='ltr'><strong>sic</strong></span> <span class='ocrx_word' id='word_1_212' title='bbox 752 2241 851 2322; x_wconf 81' lang='lat' dir='ltr'><strong>gerit?</strong></span> <span class='ocrx_word' id='word_1_213' title='bbox 889 2243 982 2317; x_wconf 83' lang='lat' dir='ltr'><strong>Quem</strong></span> <span class='ocrx_word' id='word_1_214' title='bbox 1004 2260 1087 2322; x_wconf 90' lang='lat' dir='ltr'><strong>prae·</strong></span> 
     </span>
     <span class='ocr_line' id='line_1_26' title="bbox 77 2325 1087 2407; baseline -0.001 -20"><span class='ocrx_word' id='word_1_215' title='bbox 77 2329 206 2388; x_wconf 86' lang='lat' dir='ltr'><strong>sidentes</strong></span> <span class='ocrx_word' id='word_1_216' title='bbox 223 2328 324 2388; x_wconf 89' lang='lat' dir='ltr'><strong>studiis</strong></span> <span class='ocrx_word' id='word_1_217' title='bbox 339 2327 413 2388; x_wconf 88' lang='lat' dir='ltr'><strong>deae</strong></span> <span class='ocrx_word' id='word_1_218' title='bbox 429 2327 550 2405; x_wconf 89' lang='lat' dir='ltr'><strong>propius</strong></span> <span class='ocrx_word' id='word_1_219' title='bbox 565 2325 716 2388; x_wconf 79' lang='lat' dir='ltr'><strong>audirent?</strong></span> <span class='ocrx_word' id='word_1_220' title='bbox 747 2325 800 2388; x_wconf 76' lang='lat' dir='ltr'><strong>Cui</strong></span> <span class='ocrx_word' id='word_1_221' title='bbox 816 2330 908 2407; x_wconf 87' lang='lat' dir='ltr'><strong>magis</strong></span> <span class='ocrx_word' id='word_1_222' title='bbox 924 2344 992 2387; x_wconf 90' lang='lat' dir='ltr'><strong>suas</strong></span> <span class='ocrx_word' id='word_1_223' title='bbox 1010 2335 1087 2389; x_wconf 82' lang='lat' dir='ltr'><strong>artes</strong></span> 
     </span>
     <span class='ocr_line' id='line_1_27' title="bbox 77 2408 1164 2499; baseline 0.003 -28"><span class='ocrx_word' id='word_1_224' title='bbox 77 2414 207 2490; x_wconf 87' lang='lat' dir='ltr'><strong>aperiret</strong></span> <span class='ocrx_word' id='word_1_225' title='bbox 221 2410 362 2472; x_wconf 75' lang='lat' dir='ltr'><strong>familiare</strong></span> <span class='ocrx_word' id='word_1_226' title='bbox 383 2429 487 2471; x_wconf 88' lang='lat' dir='ltr'><strong>numen</strong></span> <span class='ocrx_word' id='word_1_227' title='bbox 504 2408 655 2473; x_wconf 83' lang='lat' dir='ltr'><strong>blinerva?</strong></span> <span class='ocrx_word' id='word_1_228' title='bbox 690 2411 796 2472; x_wconf 87' lang='lat' dir='ltr'><strong>Dicent</strong></span> <span class='ocrx_word' id='word_1_229' title='bbox 817 2412 893 2472; x_wconf 87' lang='lat' dir='ltr'><strong>baec</strong></span> <span class='ocrx_word' id='word_1_230' title='bbox 910 2411 1025 2490; x_wconf 91' lang='lat' dir='ltr'><strong>plenius</strong></span> <span class='ocrx_word' id='word_1_231' title='bbox 1044 2409 1074 2470; x_wconf 86' lang='lat' dir='ltr'><strong>fu</strong></span> <span class='ocrx_word' id='word_1_232' title='bbox 1096 2421 1131 2474; x_wconf 81' lang='lat' dir='ltr'><strong>ca</strong></span> <span class='ocrx_word' id='word_1_233' title='bbox 1161 2486 1164 2499; x_wconf 32' lang='grc' dir='ltr'>ι</span> 
     </span>
     <span class='ocr_line' id='line_1_28' title="bbox 77 2493 1087 2572; baseline 0 -18"><span class='ocrx_word' id='word_1_234' title='bbox 77 2505 142 2554; x_wconf 89' lang='lat' dir='ltr'><strong>tura</strong></span> <span class='ocrx_word' id='word_1_235' title='bbox 158 2494 288 2570; x_wconf 83' lang='lat' dir='ltr'><strong>saecula,</strong></span> <span class='ocrx_word' id='word_1_236' title='bbox 305 2512 379 2554; x_wconf 92' lang='lat' dir='ltr'><strong>nnnc</strong></span> <span class='ocrx_word' id='word_1_237' title='bbox 402 2496 477 2554; x_wconf 90' lang='lat' dir='ltr'><strong>enim</strong></span> <span class='ocrx_word' id='word_1_238' title='bbox 492 2503 654 2557; x_wconf 88' lang='lat' dir='ltr'><strong>ceterarum</strong></span> <span class='ocrx_word' id='word_1_239' title='bbox 669 2496 786 2572; x_wconf 81' lang='lat' dir='ltr'><strong>fulgore</strong></span> <span class='ocrx_word' id='word_1_240' title='bbox 800 2498 936 2555; x_wconf 82' lang='lat' dir='ltr'><strong>virtutum</strong></span> <span class='ocrx_word' id='word_1_241' title='bbox 953 2493 1040 2554; x_wconf 84' lang='lat' dir='ltr'><strong>laus</strong></span> <span class='ocrx_word' id='word_1_242' title='bbox 1032 2502 1087 2554; x_wconf 81' lang='lat' dir='ltr'><strong>ista</strong></span> 
     </span>
     <span class='ocr_line' id='line_1_29' title="bbox 77 2575 1088 2674; baseline -0.002 -37"><span class='ocrx_word' id='word_1_243' title='bbox 77 2578 308 2674; x_wconf 86' lang='lat' dir='ltr'><strong>praestringitur</strong></span> <span class='ocrx_word' id='word_1_244' title='bbox 349 2575 411 2637; x_wconf 88' lang='lat' dir='ltr'><strong>Nos</strong></span> <span class='ocrx_word' id='word_1_245' title='bbox 431 2586 527 2638; x_wconf 86' lang='lat' dir='ltr'><strong>tannen</strong></span> <span class='ocrx_word' id='word_1_246' title='bbox 546 2597 630 2641; x_wconf 85' lang='lat' dir='ltr'><strong>saera</strong></span> <span class='ocrx_word' id='word_1_247' title='bbox 658 2578 817 2639; x_wconf 86' lang='lat' dir='ltr'><strong>littersmrn</strong></span> <span class='ocrx_word' id='word_1_248' title='bbox 841 2576 974 2637; x_wconf 87' lang='lat' dir='ltr'><strong>colentes</strong></span> <span class='ocrx_word' id='word_1_249' title='bbox 998 2576 1088 2652; x_wconf 82' lang='lat' dir='ltr'><strong>feras,</strong></span> 
     </span>
     <span class='ocr_line' id='line_1_30' title="bbox 79 2659 1088 2740; baseline 0 -20"><span class='ocrx_word' id='word_1_250' title='bbox 79 2659 240 2735; x_wconf 82' lang='lat' dir='ltr'><strong>Caesar,</strong></span> <span class='ocrx_word' id='word_1_251' title='bbox 215 2678 240 2718; x_wconf 83' lang='grc' dir='ltr'><strong>ιι</strong></span> <span class='ocrx_word' id='word_1_252' title='bbox 257 2675 315 2724; x_wconf 91' lang='lat' dir='ltr'><strong>non</strong></span> <span class='ocrx_word' id='word_1_253' title='bbox 337 2662 454 2720; x_wconf 88' lang='lat' dir='ltr'><strong>tacitum</strong></span> <span class='ocrx_word' id='word_1_254' title='bbox 474 2660 531 2720; x_wconf 90' lang='lat' dir='ltr'><strong>hoc</strong></span> <span class='ocrx_word' id='word_1_255' title='bbox 553 2664 744 2740; x_wconf 85' lang='lat' dir='ltr'><strong>praeterimus</strong></span> <span class='ocrx_word' id='word_1_256' title='bbox 760 2670 789 2721; x_wconf 89' lang='lat' dir='ltr'><strong>et</strong></span> <span class='ocrx_word' id='word_1_257' title='bbox 809 2660 980 2739; x_wconf 80' lang='lat' dir='ltr'><strong>Vergiliano</strong></span> <span class='ocrx_word' id='word_1_258' title='bbox 1006 2669 1088 2721; x_wconf 87' lang='lat' dir='ltr'><strong>certe</strong></span> 
     </span>
     <span class='ocr_line' id='line_1_31' title="bbox 33 2752 336 2815; baseline -0.007 -10"><span class='ocrx_word' id='word_1_259' title='bbox 33 2806 39 2815; x_wconf 80' lang='grc'><strong>,</strong></span> <span class='ocrx_word' id='word_1_260' title='bbox 77 2762 165 2805; x_wconf 84' lang='lat' dir='ltr'><strong>versu</strong></span> <span class='ocrx_word' id='word_1_261' title='bbox 180 2752 336 2803; x_wconf 88' lang='lat' dir='ltr'><strong>testamur:</strong></span> 
     </span>
     <span class='ocr_line' id='line_1_32' title="bbox 204 2826 955 2909; baseline 0.005 -22"><span class='ocrx_word' id='word_1_262' title='bbox 204 2826 291 2889; x_wconf 82' lang='lat' dir='ltr'><strong>luter</strong></span> <span class='ocrx_word' id='word_1_263' title='bbox 304 2828 451 2889; x_wconf 81' lang='lat' dir='ltr'><strong>victrices</strong></span> <span class='ocrx_word' id='word_1_264' title='bbox 465 2828 613 2890; x_wconf 79' lang='lat' dir='ltr'><strong>ledarum</strong></span> <span class='ocrx_word' id='word_1_265' title='bbox 627 2829 682 2890; x_wconf 85' lang='lat' dir='ltr'><strong>tibi</strong></span> <span class='ocrx_word' id='word_1_266' title='bbox 695 2847 822 2909; x_wconf 76' lang='lat' dir='ltr'><strong>empore</strong></span> <span class='ocrx_word' id='word_1_267' title='bbox 837 2831 955 2893; x_wconf 75' lang='lat' dir='ltr'><strong>laurata.</strong></span> 
     </span>
    </p>

    <p class='ocr_par' dir='ltr' id='par_1_3' title="bbox 78 2910 1174 3555">
     <span class='ocr_line' id='line_1_33' title="bbox 78 2910 1134 2993; baseline 0.005 -22"><span class='ocrx_word' id='word_1_268' title='bbox 78 2912 209 2990; x_wconf 81' lang='lat' dir='ltr'><strong>Elegia</strong></span> <span class='ocrx_word' id='word_1_269' title='bbox 226 2930 344 2993; x_wconf 86' lang='lat' dir='ltr'><strong>quoque</strong></span> <span class='ocrx_word' id='word_1_270' title='bbox 361 2910 491 2973; x_wconf 84' lang='lat' dir='ltr'><strong>Graecos</strong></span> <span class='ocrx_word' id='word_1_271' title='bbox 508 2928 718 2990; x_wconf 86' lang='lat' dir='ltr'><strong>provocamus,</strong></span> <span class='ocrx_word' id='word_1_272' title='bbox 745 2915 827 2973; x_wconf 91' lang='lat' dir='ltr'><strong>cuius</strong></span> <span class='ocrx_word' id='word_1_273' title='bbox 847 2912 915 2973; x_wconf 90' lang='lat' dir='ltr'><strong>mibi</strong></span> <span class='ocrx_word' id='word_1_274' title='bbox 933 2921 1029 2973; x_wconf 86' lang='lat' dir='ltr'><strong>tersus</strong></span> <span class='ocrx_word' id='word_1_275' title='bbox 1042 2921 1088 2974; x_wconf 89' lang='lat' dir='ltr'><strong>at·</strong></span> <span class='ocrx_word' id='word_1_276' title='bbox 1096 2920 1134 2976; x_wconf 73' lang='lat'><strong>93</strong></span> 
     </span>
     <span class='ocr_line' id='line_1_34' title="bbox 79 2994 1089 3074; baseline 0.001 -20"><span class='ocrx_word' id='word_1_277' title='bbox 79 3015 136 3073; x_wconf 76' lang='lat' dir='ltr'><strong>quie</strong></span> <span class='ocrx_word' id='word_1_278' title='bbox 158 2997 280 3074; x_wconf 87' lang='lat' dir='ltr'><strong>elegans</strong></span> <span class='ocrx_word' id='word_1_279' title='bbox 301 2997 426 3057; x_wconf 82' lang='lat' dir='ltr'><strong>maxime</strong></span> <span class='ocrx_word' id='word_1_280' title='bbox 448 2994 563 3056; x_wconf 83' lang='lat' dir='ltr'><strong>videtur</strong></span> <span class='ocrx_word' id='word_1_281' title='bbox 589 3006 692 3057; x_wconf 89' lang='lat' dir='ltr'><strong>auctor</strong></span> <span class='ocrx_word' id='word_1_282' title='bbox 717 2996 901 3059; x_wconf 80' lang='lat' dir='ltr'><strong>Tibullus.</strong></span> <span class='ocrx_word' id='word_1_283' title='bbox 944 2997 1017 3057; x_wconf 89' lang='lat' dir='ltr'><strong>Sunt</strong></span> <span class='ocrx_word' id='word_1_284' title='bbox 1040 2996 1089 3074; x_wconf 87' lang='lat' dir='ltr'><strong>qui</strong></span> 
     </span>
     <span class='ocr_line' id='line_1_35' title="bbox 79 3078 1089 3160; baseline 0 -21"><span class='ocrx_word' id='word_1_285' title='bbox 79 3080 315 3158; x_wconf 85' lang='lat' dir='ltr'><strong>Propertium</strong></span> <span class='ocrx_word' id='word_1_286' title='bbox 341 3080 448 3141; x_wconf 89' lang='lat' dir='ltr'><strong>malint.</strong></span> <span class='ocrx_word' id='word_1_287' title='bbox 496 3078 652 3142; x_wconf 88' lang='lat' dir='ltr'><strong>Ovidius</strong></span> <span class='ocrx_word' id='word_1_288' title='bbox 680 3086 805 3160; x_wconf 86' lang='lat' dir='ltr'><strong>utroque</strong></span> <span class='ocrx_word' id='word_1_289' title='bbox 831 3082 987 3156; x_wconf 83' lang='lat' dir='ltr'><strong>lascivior,</strong></span> <span class='ocrx_word' id='word_1_290' title='bbox 1013 3081 1089 3141; x_wconf 87' lang='lat' dir='ltr'><strong>sicut</strong></span> 
     </span>
     <span class='ocr_line' id='line_1_36' title="bbox 79 3162 1086 3243; baseline 0 -21"><span class='ocrx_word' id='word_1_291' title='bbox 79 3164 178 3222; x_wconf 88' lang='lat' dir='ltr'><strong>durior</strong></span> <span class='ocrx_word' id='word_1_292' title='bbox 192 3162 330 3225; x_wconf 83' lang='lat' dir='ltr'><strong>Gallus.</strong></span> <span class='ocrx_word' id='word_1_293' title='bbox 365 3164 488 3225; x_wconf 85' lang='lat' dir='ltr'><strong>Satira</strong></span> <span class='ocrx_word' id='word_1_294' title='bbox 504 3165 620 3243; x_wconf 84' lang='lat' dir='ltr'><strong>quidem</strong></span> <span class='ocrx_word' id='word_1_295' title='bbox 635 3174 695 3225; x_wconf 89' lang='lat' dir='ltr'><strong>tota</strong></span> <span class='ocrx_word' id='word_1_296' title='bbox 710 3175 809 3226; x_wconf 89' lang='lat' dir='ltr'><strong>nostra</strong></span> <span class='ocrx_word' id='word_1_297' title='bbox 828 3175 889 3241; x_wconf 87' lang='lat' dir='ltr'><strong>est,</strong></span> <span class='ocrx_word' id='word_1_298' title='bbox 909 3167 938 3225; x_wconf 92' lang='lat' dir='ltr'><strong>in</strong></span> <span class='ocrx_word' id='word_1_299' title='bbox 956 3181 1011 3243; x_wconf 87' lang='lat' dir='ltr'><strong>qua</strong></span> <span class='ocrx_word' id='word_1_300' title='bbox 1029 3163 1086 3241; x_wconf 90' lang='lat' dir='ltr'><strong>pri·</strong></span> 
     </span>
     <span class='ocr_line' id='line_1_37' title="bbox 79 3247 1174 3330; baseline -0.001 -24"><span class='ocrx_word' id='word_1_301' title='bbox 79 3265 141 3306; x_wconf 88' lang='lat' dir='ltr'><strong>rnns</strong></span> <span class='ocrx_word' id='word_1_302' title='bbox 157 3248 298 3324; x_wconf 87' lang='lat' dir='ltr'><strong>insignem</strong></span> <span class='ocrx_word' id='word_1_303' title='bbox 313 3248 427 3309; x_wconf 85' lang='lat' dir='ltr'><strong>laudem</strong></span> <span class='ocrx_word' id='word_1_304' title='bbox 444 3249 577 3327; x_wconf 88' lang='lat' dir='ltr'><strong>adeptus</strong></span> <span class='ocrx_word' id='word_1_305' title='bbox 581 3249 749 3310; x_wconf 86' lang='lat' dir='ltr'><strong>Lucilius</strong></span> <span class='ocrx_word' id='word_1_306' title='bbox 764 3249 905 3330; x_wconf 82' lang='lat' dir='ltr'><strong>quosdam</strong></span> <span class='ocrx_word' id='word_1_307' title='bbox 920 3250 959 3308; x_wconf 88' lang='lat' dir='ltr'><strong>ita</strong></span> <span class='ocrx_word' id='word_1_308' title='bbox 971 3247 1086 3309; x_wconf 85' lang='lat' dir='ltr'><strong>deditos</strong></span> <span class='ocrx_word' id='word_1_309' title='bbox 1171 3325 1174 3330; x_wconf 25' lang='grc'><strong>,</strong></span> 
     </span>
     <span class='ocr_line' id='line_1_38' title="bbox 79 3329 1108 3409; baseline -0.001 -19"><span class='ocrx_word' id='word_1_310' title='bbox 79 3331 134 3391; x_wconf 89' lang='lat' dir='ltr'><strong>sibi</strong></span> <span class='ocrx_word' id='word_1_311' title='bbox 149 3329 243 3391; x_wconf 83' lang='lat' dir='ltr'><strong>adbuc</strong></span> <span class='ocrx_word' id='word_1_312' title='bbox 258 3330 346 3392; x_wconf 89' lang='lat' dir='ltr'><strong>habet</strong></span> <span class='ocrx_word' id='word_1_313' title='bbox 362 3341 523 3409; x_wconf 75' lang='lat' dir='ltr'><strong>amatores,</strong></span> <span class='ocrx_word' id='word_1_314' title='bbox 539 3343 570 3394; x_wconf 93' lang='lat' dir='ltr'><strong>nt</strong></span> <span class='ocrx_word' id='word_1_315' title='bbox 585 3351 649 3394; x_wconf 88' lang='lat' dir='ltr'><strong>eum</strong></span> <span class='ocrx_word' id='word_1_316' title='bbox 663 3349 722 3394; x_wconf 90' lang='lat' dir='ltr'><strong>non</strong></span> <span class='ocrx_word' id='word_1_317' title='bbox 732 3333 866 3394; x_wconf 84' lang='lat' dir='ltr'><strong>eiusdem</strong></span> <span class='ocrx_word' id='word_1_318' title='bbox 882 3330 968 3392; x_wconf 85' lang='lat' dir='ltr'><strong>modo</strong></span> <span class='ocrx_word' id='word_1_319' title='bbox 987 3330 1108 3409; x_wconf 89' lang='lat' dir='ltr'><strong>operis</strong></span> 
     </span>
     <span class='ocr_line' id='line_1_39' title="bbox 80 3412 1151 3555; baseline -0.007 -79"><span class='ocrx_word' id='word_1_320' title='bbox 80 3415 246 3476; x_wconf 84' lang='lat' dir='ltr'><strong>auctoribus</strong></span> <span class='ocrx_word' id='word_1_321' title='bbox 267 3415 319 3476; x_wconf 88' lang='lat' dir='ltr'><strong>sed</strong></span> <span class='ocrx_word' id='word_1_322' title='bbox 343 3416 473 3476; x_wconf 87' lang='lat' dir='ltr'><strong>omnibus</strong></span> <span class='ocrx_word' id='word_1_323' title='bbox 490 3419 586 3496; x_wconf 90' lang='lat' dir='ltr'><strong>poetis</strong></span> <span class='ocrx_word' id='word_1_324' title='bbox 609 3417 761 3497; x_wconf 86' lang='lat' dir='ltr'><strong>praeferre</strong></span> <span class='ocrx_word' id='word_1_325' title='bbox 776 3434 835 3476; x_wconf 93' lang='lat' dir='ltr'><strong>non</strong></span> <span class='ocrx_word' id='word_1_326' title='bbox 848 3415 994 3555; x_wconf 46' lang='lat' dir='ltr'><strong>(lubppnt</strong></span> <span class='ocrx_word' id='word_1_327' title='bbox 1020 3412 1151 3483; x_wconf 55' lang='lat' dir='ltr'><strong>ingonis</strong></span> 
     </span>
    </p>

    <p class='ocr_par' dir='ltr' id='par_1_4' title="bbox 122 3505 362 3568">
     <span class='ocr_line' id='line_1_40' title="bbox 122 3505 362 3568; baseline 0.017 -11"><span class='ocrx_word' id='word_1_328' title='bbox 122 3519 152 3557; x_wconf 86' lang='lat' dir='ltr'><strong>m·</strong></span> <span class='ocrx_word' id='word_1_329' title='bbox 163 3520 188 3557; x_wconf 82' lang='lat' dir='ltr'><strong>n.</strong></span> <span class='ocrx_word' id='word_1_330' title='bbox 202 3520 315 3568; x_wconf 78' lang='lat' dir='ltr'><strong>poturus.</strong></span> <span class='ocrx_word' id='word_1_331' title='bbox 327 3505 362 3562; x_wconf 78' lang='lat' dir='ltr'><strong>ti,</strong></span> 
     </span>
    </p>
   </div>
   <div class='ocr_carea' id='block_1_3' title="bbox 0 0 1208 3854">
    <p class='ocr_par' dir='ltr' id='par_1_5' title="bbox 0 0 1208 3854">
     <span class='ocr_line' id='line_1_41' title="bbox 0 0 1208 3854; baseline 0 0"><span class='ocrx_word' id='word_1_332' title='bbox 0 0 1208 3854; x_wconf 95' lang='lat' dir='ltr'><strong> </strong></span> 
     </span>
    </p>
   </div>
  </div>
 </body>
</html>
