2408 3854
361 194 797 262 tusu.ounnon.n1n.1X,4.
1023 184 1082 249 133

79 349 242 414 nominibus
258 350 419 429 similiaque
431 349 476 409 his
492 351 653 410 continuari
664 349 766 426 decet,
785 368 850 412 curu
861 352 982 412 virtutes
998 354 1084 414 etiam

79 439 163 516 ipsae
178 434 304 495 taedium
319 436 431 513 pariant
446 434 501 493 nisi
520 436 613 512 gratia
633 435 781 494 varietatis
797 435 921 496 adiutae.

163 518 357 579 Membrorum
372 519 587 598 incisorumque
602 521 732 579 iunctura
748 536 805 578 non
821 537 856 579 ea
867 520 953 581 modo
970 531 1015 581 cst
1032 521 1126 586 oti-44

79 603 222 665 servanda
246 620 322 681 quae
343 600 516 678 verborum,
539 621 700 682 quanquam
722 612 752 663 et
779 605 807 663 iu
833 604 878 663 his
901 614 1085 666 extremaue

80 689 171 766 prima
188 694 308 755 coeuut;
332 686 384 747 sed
399 685 550 764 plurimum
567 686 659 747 refert
674 688 909 765 compositionis,
931 709 1006 769 quae
1023 691 1084 769 qui·

79 774 134 831 bus
150 780 320 850 anteponas.
364 769 436 830 Nam
452 779 481 830 et
495 789 618 832 comem
629 771 738 850 froude
760 774 923 834 esculentis
937 776 1086 853 presulum

79 874 168 917 suom
183 863 213 918 et
226 865 318 916 totum
332 855 468 916 imbueret
479 856 614 933 impleuit
618 879 632 926 ,·
647 864 677 915 et
692 863 792 915 contra
809 857 888 935 (nam
904 857 1085 936 frequentius

79 948 144 1000 utar
158 939 260 999 iisdem
272 938 450 999 diversarum
463 957 582 1021 quoque
596 957 692 998 rerum
704 939 862 1018 exemplis,
883 959 940 1018 quo
957 943 1014 1002 sint
1028 959 1085 1002 ma·

78 1025 124 1102 gis
140 1022 306 1103 familiaria)
324 1021 413 1084 Susa
427 1032 518 1102 utque
531 1025 709 1086 solitudines
721 1025 791 1085 voci
807 1025 1010 1103 respondent,
1032 1027 1084 1088 be-

77 1110 157 1169 stiae
183 1125 279 1184 coepe
303 1109 450 1169 immunes
476 1114 571 1169 cautu
593 1104 757 1185 plectuntor
783 1115 875 1187 atque
906 1112 1084 1184 commatum,

77 1192 170 1268 magis
186 1190 371 1268 insurgebat,
388 1193 413 1250 si
430 1201 609 1260 verteretur;
626 1209 690 1251 narn
705 1191 771 1270 plus
787 1201 832 1251 est
848 1210 918 1252 saxa
933 1211 1017 1272 quam
1032 1191 1083 1252 lte·

79 1277 150 1334 stiae
168 1276 364 1350 commoveri,
379 1277 448 1335 vicit
463 1285 557 1335 tamen
575 1275 794 1354 compositionis
809 1276 910 1336 decor.

29 1374 32 1379 ’
164 1358 223 1419 Sed
245 1367 423 1419 transeamus
443 1359 479 1422 ad
499 1375 676 1419 numeros.
722 1357 819 1418 Omnis
836 1368 979 1421 structura
994 1377 1029 1419 ac
1046 1360 1127 1424 dist

78 1444 190 1503 mensio
217 1453 246 1502 et
267 1443 416 1521 copulatio
435 1459 540 1503 vocum
568 1453 681 1505 constat
709 1454 757 1504 aut
782 1447 908 1504 numeris
934 1445 1085 1523 (numeros

79 1518 214 1608 ρυθμοῦς
229 1528 322 1606 accipi
338 1526 423 1608 volo)
448 1537 497 1587 aut
510 1525 624 1608 μέτροις
644 1528 672 1588 id
693 1536 739 1588 εει
758 1527 937 1589 dimensione
953 1529 1083 1608 quadam.

165 1609 268 1687 Quod,
292 1613 404 1671 etiamsi
422 1621 536 1672 constat
552 1621 704 1690 utrumque
720 1611 862 1691 pedibus,
886 1612 974 1673 habet
989 1622 1085 1673 tamen

79 1712 138 1754 non
159 1695 321 1774 simplicem
347 1695 546 1757 differentiam.
592 1693 664 1755 Nam
685 1696 824 1772 rhythmi,
852 1696 880 1756 id
903 1706 948 1757 est
963 1699 1128 1774 numerian

80 1779 175 1857 spatio
195 1787 356 1857 temporum
372 1789 521 1855 constant,
541 1788 631 1839 metra
654 1781 739 1840 etiam
755 1780 871 1848 ordine;
894 1781 1021 1858 ideoque
1044 1780 1085 1842 al·

79 1872 171 1922 terum
200 1880 268 1922 esse
290 1866 454 1941 quantitatis
481 1863 596 1924 videtur
620 1864 742 1923 alterum
766 1863 921 1941 qualitatis.
960 1855 1087 1942 Ῥυθμὸς

81 1955 126 2005 εει
141 1955 189 2005 εει
204 1965 256 2024 par
274 1956 304 2007 ut
320 1947 511 2023 dactylus,
527 1965 582 2007 una
593 1947 667 2007 enim
679 1946 793 2022 syllaba
808 1964 861 2024 par
876 1957 921 2007 est
935 1946 1084 2024 brevibus,

81 2029 144 2108 (est
171 2031 286 2108 quidem
309 2033 354 2090 vis
375 2031 477 2091 eadem
498 2041 527 2092 et
552 2031 618 2091 aliis
638 2031 783 2110 pedibus,
811 2031 864 2092 sed
888 2049 994 2092 nomen
1014 2030 1127 2100 illudat

80 2122 176 2182 tcuet;
199 2114 315 2194 longam
331 2133 399 2175 esse
414 2114 534 2176 duorum
549 2124 728 2194 temporum,
746 2115 865 2175 brevem
881 2118 979 2191 unius,
999 2118 1085 2177 etiarn

80 2201 164 2277 pueri
186 2201 294 2279 sciunt)
318 2209 366 2260 aut
393 2201 552 2280 sescuplex
579 2210 609 2259 ut
634 2218 770 2279 paeon,
795 2217 858 2259 curn
886 2201 922 2258 sit
944 2218 981 2260 ex
996 2199 1085 2276 longa

81 2291 110 2342 et
135 2281 225 2341 tribus
247 2284 402 2360 brevibus,
425 2287 532 2365 quique
550 2286 577 2344 ei
599 2286 759 2344 contrarius
776 2302 813 2343 ex
836 2283 926 2343 tribus
947 2284 1084 2344 brevibus

81 2376 111 2426 et
127 2366 230 2444 longa,
246 2369 295 2428 vel
311 2368 368 2428 alio
384 2369 600 2447 quoquomodo
615 2377 788 2446 uttempora
804 2369 858 2428 tria
873 2367 908 2427 ad
920 2368 977 2429 duo
992 2368 1085 2428 relata

81 2450 248 2529 sescuplum
261 2451 380 2520 iaciant;
395 2462 442 2512 aut
457 2453 581 2532 duplex,
598 2463 629 2512 ut
648 2453 787 2512 iambus
801 2452 881 2530 (narn
893 2460 940 2510 est
955 2470 992 2510 ex
1003 2451 1085 2510 brevi

81 2542 111 2593 et
127 2533 229 2612 longa)
251 2536 356 2613 quique
377 2545 422 2594 est
446 2537 472 2594 ei
492 2524 662 2596 contrarius.
708 2537 779 2596 Sunt
795 2534 825 2593 hi
845 2544 875 2593 et
898 2536 1010 2593 metrici
1032 2546 1129 2611 pets

81 2618 151 2690 des,
178 2617 230 2676 sed
256 2616 313 2677 hoc
341 2618 477 2694 interest,
508 2618 586 2698 quod
606 2619 738 2694 rhythmo
761 2617 928 2678 indifferens
949 2625 1010 2693 εει,
1034 2617 1083 2679 da·

82 2699 215 2775 ctylusne
237 2699 287 2759 ille
302 2702 416 2779 priores
439 2702 545 2763 lrabeat
565 2703 672 2763 breves
689 2720 724 2761 an
745 2709 914 2779 sequentes.
960 2699 1086 2780 Tempus

82 2785 156 2844 enim
173 2783 266 2843 solum
281 2785 413 2860 metitur,
432 2794 463 2844 ut
477 2786 669 2847 asublatione
681 2787 717 2846 ad
728 2786 903 2865 positionem
913 2784 990 2845 idem
1002 2787 1088 2865 spatii

82 2871 128 2928 sit.
173 2868 297 2929 Proinde
318 2868 374 2928 alia
397 2867 537 2930 dimensio
562 2879 607 2930 est
628 2888 781 2939 versuum;
802 2887 857 2948 pro
880 2869 997 2946 dactylo
1019 2871 1087 2950 poni

82 2970 140 3011 non
157 2955 265 3030 poterit
281 2961 456 3031 anapaestus
479 2962 527 3014 aut
546 2954 711 3032 spondeus,
735 2971 791 3014 nec
807 2971 904 3034 paeon
920 2955 1021 3016 eadem
1042 2973 1087 3015 ra·

82 3036 161 3094 tione
181 3036 318 3097 breuibus
343 3037 462 3117 incipiet
479 3056 514 3099 ac
535 3039 658 3099 desinet.
700 3037 805 3119 Neque
820 3038 916 3101 solum
933 3039 1018 3101 alium
1034 3045 1130 3118 proto

82 3117 140 3176 alio
156 3120 260 3197 pedem
274 3131 431 3183 metrorum
446 3124 520 3184 ratio
536 3140 594 3184 nou
610 3125 717 3204 recipit
732 3124 785 3184 sed
804 3143 841 3185 ne
863 3123 1008 3201 dactylum
1026 3124 1085 3201 qui-

83 3199 148 3260 dem
164 3212 210 3261 aut
227 3203 303 3272 iorte
319 3206 478 3284 spondeum
496 3208 618 3268 alterurn
637 3226 691 3287 pro
708 3209 812 3270 altero.
850 3209 951 3288 ltaque
966 3209 991 3266 si
1006 3207 1085 3283 quin-

83 3302 141 3363 que
157 3289 309 3348 continuos
327 3290 477 3367 dactylos,
493 3300 524 3350 ut
537 3291 568 3351 lit
582 3293 611 3351 in
627 3293 679 3352 illo

188 3368 341 3434 Panditur
358 3375 477 3437 intereo
493 3377 601 3438 dutoua
615 3379 826 3455 omnipotentia
843 3374 961 3453 Olympi

82 3453 258 3517 confundas:
280 3456 405 3517 solveris
420 3475 546 3519 versum.
591 3459 663 3548 sont
685 3470 716 3521 et
735 3459 785 3520 iila
805 3459 993 3531 discrimina,
1010 3453 1144 3532 aquam
