2408 3854
134 182 195 245 142
455 193 818 254 n.sne.ournr1n1nn1

73 350 183 416 loillla
199 351 404 412 observatione
420 367 458 408 ex
473 347 614 410 trochaeo
632 348 664 409 iit
681 357 864 428 anapaestus.
889 350 968 412 Idem
981 355 1141 415 trochaeus

130 434 327 515 praecedente
346 434 433 511 longa
455 433 485 492 lit
506 449 618 512 paeon,
640 433 726 511 quale
749 442 794 493 est
812 432 849 494 Si
868 443 975 514 potero
998 447 1028 498 ct
1049 437 1143 500 Dicte

129 521 186 582 ltoc
200 519 326 594 Cicero,
345 516 449 580 Obstat
460 519 587 581 inuidia.
617 516 676 578 Sed
692 516 769 577 hunc
783 518 869 578 initiis
886 519 1036 582 dederunt.
1071 521 1139 583 Clu·

130 604 179 664 det
201 614 230 665 et
251 601 432 683 pyrrhichius
454 600 564 661 choreo
585 601 798 680 praecedente,
823 619 887 662 nam
908 605 951 665 sic
966 623 1061 684 paeon
1082 617 1137 667 εει.

130 688 190 749 Sed
211 706 311 748 omnes
327 685 371 762 hi,
389 687 437 765 qui
453 686 483 745 in
496 684 604 745 breves
623 686 775 762 excidunt,
796 687 888 746 minus
906 699 989 749 erunt
1004 690 1137 766 stabiles,

130 791 186 833 nec
208 771 276 833 alibi
298 771 362 831 iere
384 771 456 830 satis
472 770 547 848 apti,
566 787 650 847 mam
669 769 718 830 ulti
734 788 837 830 cursus
858 774 997 833 orationis
1014 776 1145 852 exigitur

73 863 123 920 107
133 866 161 917 et
182 855 319 917 clausulis
345 869 402 913 non
425 854 620 913 intersistitur.
671 853 804 915 Creticus
833 864 863 914 et
884 857 971 917 initiis
996 859 1140 936 optimus:

131 939 222 1014 Quod
237 947 386 1019 precatus
410 957 431 1000 a
447 938 508 999 diis
520 939 740 1001 imatortalibna
756 956 841 1015 sam,
865 948 894 999 et
916 941 1070 1003 clausulis:
1100 940 1140 1003 In

131 1031 295 1103 conspectu
308 1024 415 1101 populi
430 1021 560 1084 Romani
573 1042 695 1086 comere
708 1024 867 1101 poctaidie.
903 1024 1036 1104 Apparet
1052 1042 1138 1102 vero,

131 1127 214 1188 quarn
238 1108 313 1168 bene
336 1125 401 1167 eum
422 1107 599 1186 praecedant
614 1106 662 1166 vel
678 1108 918 1186 anapaestosvel
939 1109 1007 1186 ille,
1031 1113 1080 1188 qni
1097 1112 1139 1169 ni·

131 1194 214 1253 detur
230 1193 277 1252 lini
295 1193 406 1270 aptior,
426 1208 530 1271 paeon.
566 1193 646 1252 Sicut
664 1201 693 1251 et
708 1211 741 1252 se
756 1194 820 1271 ipse
836 1195 983 1272 seqnitur:
1002 1192 1144 1256 Servare·

130 1295 222 1357 qnam
233 1277 392 1356 plurimos.
430 1277 479 1337 Sic
490 1276 593 1337 melius
610 1294 694 1355 qnam
710 1275 820 1337 choreo
837 1278 1050 1356 praecedente:
1069 1276 1139 1340 Non

129 1370 220 1440 torpe
235 1362 382 1422 duceret?
411 1362 434 1419 si
451 1360 548 1421 ultima
562 1359 661 1420 brevis
679 1377 733 1440 pro
751 1361 839 1438 longa
854 1363 905 1430 sit;
929 1361 981 1422 sed
997 1362 1138 1440 lingamns

76 1449 189 1510 russie:
210 1443 279 1507 Non
291 1452 382 1522 inape
393 1445 535 1508 duceres.
580 1444 639 1504 Sed
651 1445 699 1505 hic
715 1454 760 1504 εει
771 1445 841 1506 illnd
856 1447 957 1522 inane,
975 1447 1052 1525 qnod
1068 1448 1149 1507 dixi.-

130 1530 280 1591 Paululum
296 1531 371 1590 enim
385 1544 485 1587 morae
500 1528 599 1588 damus
615 1531 689 1589 inter
701 1528 829 1589 ultimum
843 1547 879 1590 ac
893 1533 1054 1608 proximum
1071 1550 1138 1591 ver·

130 1615 213 1689 bum,
238 1623 267 1674 et
286 1623 377 1692 turpe
390 1610 461 1674 illud
477 1613 632 1674 intervallo
649 1613 773 1692 quodam
797 1615 999 1692 producimus;
1027 1615 1139 1693 alioqui

130 1701 168 1757 sit
189 1697 444 1758 exultantissimum
463 1707 492 1757 et
508 1699 628 1757 trimetri
650 1697 732 1757 linis:
765 1695 841 1771 Qots
856 1717 916 1760 non
931 1705 1022 1776 turpe
1043 1701 1138 1759 duce-

131 1783 198 1843 ret?
242 1783 322 1842 Sicut
344 1782 414 1843 illud
446 1780 507 1843 Ore
534 1783 681 1861 eaeipere
702 1782 826 1858 liceret,
849 1785 873 1842 si
893 1785 1011 1860 iungas,
1036 1782 1139 1842 lascivi

131 1867 263 1926 carminis
280 1876 342 1935 est;
366 1866 419 1927 sed
434 1867 624 1946 interpunctis
640 1865 810 1945 quibusdam
829 1876 858 1925 et
879 1865 969 1926 tribus
989 1869 1071 1944 quasi
1087 1868 1138 1925 ini·

75 1951 176 2011 noctiis
195 1951 225 2010 iit
242 1950 359 2029 plenum
377 1952 565 2012 auctoritatis.
599 1948 663 2010 Nec
679 1966 753 2027 ego,
778 1969 841 2010 cum
857 1951 1070 2028 praecedentes
1087 1968 1139 2029 pe·

130 2035 182 2094 des
204 2037 305 2113 posui,
330 2035 427 2112 legem
450 2035 534 2110 dedi,
562 2053 599 2094 ne
617 2034 665 2094 alii
684 2043 798 2102 essent;
829 2035 881 2094 sed
898 2035 965 2112 quid
981 2035 1045 2094 iere
1062 2036 1139 2094 acci·

130 2119 230 2194 deret,
254 2118 321 2197 qnid
342 2121 371 2178 in
393 2121 559 2197 praesentia
579 2119 728 2179 videretur
749 2119 904 2196 optimum,
930 2119 1055 2178 ostendi.
1102 2116 1139 2176 Et

131 2202 246 2280 quidem
262 2204 370 2279 optime
388 2212 433 2261 εει
450 2201 505 2262 sibi
525 2204 638 2262 iunctus
655 2211 845 2280 anapaestos,
870 2211 901 2261 ut
919 2204 966 2281 qui
983 2204 1020 2260 sit
1038 2210 1138 2280 penta·

130 2287 213 2345 metri
238 2286 317 2360 linia,
341 2285 391 2345 vel
406 2285 555 2362 rhythmos
572 2287 619 2365 qni
635 2303 740 2346 nomen
756 2285 791 2345 alt
811 2302 847 2345 eo
863 2288 964 2346 traxit:
990 2283 1072 2348 Num
1086 2285 1141 2346 ahs

129 2369 224 2432 iibido
249 2370 440 2445 dominatur,
468 2372 659 2432 innocentiae
680 2372 746 2433 lece
770 2371 962 2448 praesidinm
983 2378 1048 2439 est;
1075 2385 1140 2428 nam

131 2452 312 2532 synaloephe
332 2452 417 2529 iacit,
439 2462 469 2512 ut
493 2453 567 2514 duae
590 2453 708 2514 ultimae
726 2452 857 2530 syllabae
873 2471 926 2533 pro
947 2472 1003 2513 una
1024 2461 1140 2512 sonent.

75 2537 235 2598 ltolllelior
254 2536 305 2597 flet
319 2537 516 2617 praecedente
534 2538 666 2618 spondeo
682 2538 730 2598 vel
746 2537 886 2614 bacchio,
905 2547 935 2598 ut
950 2539 975 2597 si
989 2536 1065 2597 idem
1080 2554 1140 2595 mu·

131 2631 177 2682 tes
202 2624 267 2684 leae
292 2624 482 2685 innocentiae
503 2624 699 2702 praesidinm
718 2630 771 2684 est.
814 2620 880 2681 Non
900 2639 945 2681 me
963 2623 1040 2700 capit
1062 2619 1142 2698 (uta

132 2709 242 2783 magnis
257 2707 326 2767 viris
344 2707 526 2788 dissentiam)
545 2724 654 2787 paeon,
674 2709 722 2786 qui
738 2716 783 2769 est
798 2705 941 2766 extribus
957 2704 1095 2764 brevibus
1111 2712 1141 2763 et

79 2804 81 2808 ·
133 2791 231 2868 longa.
275 2789 347 2852 Nam
364 2801 409 2851 est
424 2802 453 2852 et
468 2795 532 2872 ipse
556 2810 610 2853 una
625 2792 691 2870 plns
707 2791 789 2851 brevi
808 2799 983 2869 anapaestos
999 2789 1141 2868 facilitas

134 2884 163 2934 et
178 2875 309 2953 opiliiac.
347 2875 432 2950 Quod
449 2878 516 2956 quid
528 2879 567 2936 ita
579 2876 721 2956 placuerit
732 2877 784 2950 iis,
802 2891 859 2942 non
870 2874 972 2949 video,
990 2874 1046 2932 nisi
1063 2872 1140 2951 qnod

133 2958 213 3019 illum
227 2958 291 3019 iere
308 2960 511 3038 probaverint,
540 2959 642 3039 quibus
666 2959 805 3038 loquendi
820 2959 912 3035 magis
931 2974 1015 3037 quam
1040 2955 1142 3015 orandi

77 3050 122 3102 111
133 3043 256 3102 studium
271 3044 332 3103 init.
377 3043 449 3104 Nam
465 3053 494 3104 et
509 3052 575 3103 ante
590 3062 623 3104 se
638 3043 776 3103 brevibus
788 3042 895 3120 gaudet
906 3039 1075 3121 pyrrhichio
1088 3037 1141 3099 ¹vel

134 3126 262 3203 choreo,
290 3146 357 3188 ntea
381 3129 533 3207 facilitas,
561 3134 668 3190 costra
690 3127 847 3207 facilium·
881 3143 916 3186 ac
941 3124 1142 3205 praecedente

133 3212 265 3290 spondeo
288 3220 383 3270 tamen
400 3211 485 3291 plane
502 3213 564 3272 linis
582 3221 627 3273 est
642 3213 779 3287 trimetri,
798 3229 862 3271 cnm
882 3212 920 3270 sit
940 3227 994 3288 per
1016 3225 1050 3267 se
1069 3225 1140 3286 qno·

134 3313 200 3374 que.
246 3293 281 3354 Ei
306 3299 466 3355 contrarius
486 3298 635 3376 principiis
657 3299 760 3357 merito
780 3295 927 3374 laudatur,
949 3301 1063 3354 namet
1083 3293 1141 3373 pri·

133 3397 206 3438 mam
224 3378 357 3439 stabilem
373 3389 402 3439 et
416 3383 468 3439 tris
488 3381 602 3441 celeres
617 3380 715 3442 habet.
753 3378 862 3440 Tamen
876 3378 934 3439 hoc
948 3392 1066 3458 quoque
1081 3392 1142 3436 me·

131 3463 223 3521 liores
242 3462 314 3522 alios
330 3473 411 3542 puto.
706 3490 710 3498 ¹
