<?xml version="1.0" encoding="UTF-8"?>
<!DOCTYPE html PUBLIC "-//W3C//DTD XHTML 1.0 Transitional//EN"
    "http://www.w3.org/TR/xhtml1/DTD/xhtml1-transitional.dtd">
<html xmlns="http://www.w3.org/1999/xhtml" xml:lang="en" lang="en">
 <head>
  <title>
</title>
<meta http-equiv="Content-Type" content="text/html;charset=utf-8" />
  <meta name='ocr-system' content='tesseract 3.04.00' />
  <meta name='ocr-capabilities' content='ocr_page ocr_carea ocr_par ocr_line ocrx_word'/>
</head>
<body>
  <div class='ocr_page' id='page_1' title='image "./mfabiiquintilia08quingoog_0251.png"; bbox 0 0 2408 3854; ppageno 0'>
   <div class='ocr_carea' id='block_1_1' title="bbox 145 191 843 279">
    <p class='ocr_par' dir='ltr' id='par_1_1' title="bbox 145 191 843 279">
     <span class='ocr_line' id='line_1_1' title="bbox 145 191 843 279; baseline -0.006 -9"><span class='ocrx_word' id='word_1_1' title='bbox 145 191 217 271; x_wconf 79' lang='lat'><strong>&#39;226</strong></span> <span class='ocrx_word' id='word_1_2' title='bbox 398 258 402 264; x_wconf 95' lang='lat'>.</span> <span class='ocrx_word' id='word_1_3' title='bbox 474 221 511 268; x_wconf 85' lang='lat' dir='ltr'><strong>nr.</strong></span> <span class='ocrx_word' id='word_1_4' title='bbox 528 218 605 268; x_wconf 75' lang='lat' dir='ltr'><strong>aas.</strong></span> <span class='ocrx_word' id='word_1_5' title='bbox 622 217 843 279; x_wconf 70' lang='lat' dir='ltr'><strong>aornar-cmm</strong></span> 
     </span>
    </p>
   </div>
   <div class='ocr_carea' id='block_1_2' title="bbox 85 373 1177 3545">
    <p class='ocr_par' dir='ltr' id='par_1_2' title="bbox 99 373 1159 704">
     <span class='ocr_line' id='line_1_2' title="bbox 99 373 1159 453; baseline -0.005 -10"><span class='ocrx_word' id='word_1_6' title='bbox 99 389 149 442; x_wconf 79' lang='lat'><strong>112</strong></span> <span class='ocrx_word' id='word_1_7' title='bbox 157 378 226 452; x_wconf 78' lang='lat' dir='ltr'><strong>egit.</strong></span> <span class='ocrx_word' id='word_1_8' title='bbox 258 373 367 436; x_wconf 85' lang='lat' dir='ltr'><strong>Eadem</strong></span> <span class='ocrx_word' id='word_1_9' title='bbox 383 384 477 434; x_wconf 89' lang='lat' dir='ltr'><strong>motus</strong></span> <span class='ocrx_word' id='word_1_10' title='bbox 493 392 609 452; x_wconf 85' lang='lat' dir='ltr'><strong>quoque</strong></span> <span class='ocrx_word' id='word_1_11' title='bbox 624 373 791 434; x_wconf 89' lang='lat' dir='ltr'><strong>observatio</strong></span> <span class='ocrx_word' id='word_1_12' title='bbox 808 384 862 434; x_wconf 90' lang='lat' dir='ltr'><strong>est.</strong></span> <span class='ocrx_word' id='word_1_13' title='bbox 889 373 991 453; x_wconf 89' lang='lat' dir='ltr'><strong>ltaque</strong></span> <span class='ocrx_word' id='word_1_14' title='bbox 1007 378 1034 435; x_wconf 95' lang='lat' dir='ltr'><strong>in</strong></span> <span class='ocrx_word' id='word_1_15' title='bbox 1051 376 1159 440; x_wconf 85' lang='lat' dir='ltr'><strong>iabulis</strong></span> 
     </span>
     <span class='ocr_line' id='line_1_3' title="bbox 154 458 1158 536; baseline 0.004 -18"><span class='ocrx_word' id='word_1_16' title='bbox 154 461 298 534; x_wconf 87' lang='lat' dir='ltr'><strong>iuvenum,</strong></span> <span class='ocrx_word' id='word_1_17' title='bbox 314 477 425 533; x_wconf 89' lang='lat' dir='ltr'><strong>senum,</strong></span> <span class='ocrx_word' id='word_1_18' title='bbox 442 458 571 533; x_wconf 87' lang='lat' dir='ltr'><strong>militum,</strong></span> <span class='ocrx_word' id='word_1_19' title='bbox 587 466 778 517; x_wconf 90' lang='lat' dir='ltr'><strong>matronarum</strong></span> <span class='ocrx_word' id='word_1_20' title='bbox 793 461 911 535; x_wconf 80' lang='lat' dir='ltr'><strong>gravior</strong></span> <span class='ocrx_word' id='word_1_21' title='bbox 926 459 1077 536; x_wconf 88' lang='lat' dir='ltr'><strong>ingressus</strong></span> <span class='ocrx_word' id='word_1_22' title='bbox 1097 469 1158 533; x_wconf 87' lang='lat' dir='ltr'><strong>est;</strong></span> 
     </span>
     <span class='ocr_line' id='line_1_4' title="bbox 155 542 1158 620; baseline 0.003 -19"><span class='ocrx_word' id='word_1_23' title='bbox 155 544 250 618; x_wconf 89' lang='lat' dir='ltr'><strong>servi,</strong></span> <span class='ocrx_word' id='word_1_24' title='bbox 267 543 407 616; x_wconf 87' lang='lat' dir='ltr'><strong>ancillae,</strong></span> <span class='ocrx_word' id='word_1_25' title='bbox 423 542 557 620; x_wconf 77' lang='lat' dir='ltr'><strong>parasiti,</strong></span> <span class='ocrx_word' id='word_1_26' title='bbox 574 543 737 618; x_wconf 83' lang='lat' dir='ltr'><strong>piscatores</strong></span> <span class='ocrx_word' id='word_1_27' title='bbox 756 543 869 601; x_wconf 78' lang='lat' dir='ltr'><strong>citatius</strong></span> <span class='ocrx_word' id='word_1_28' title='bbox 885 553 1046 602; x_wconf 88' lang='lat' dir='ltr'><strong>moventur.</strong></span> <span class='ocrx_word' id='word_1_29' title='bbox 1080 543 1158 604; x_wconf 82' lang='lat' dir='ltr'><strong>&#39;l&#39;olli</strong></span> 
     </span>
     <span class='ocr_line' id='line_1_5' title="bbox 155 624 1158 704; baseline 0 -18"><span class='ocrx_word' id='word_1_30' title='bbox 155 636 251 686; x_wconf 89' lang='lat' dir='ltr'><strong>autem</strong></span> <span class='ocrx_word' id='word_1_31' title='bbox 271 644 382 686; x_wconf 91' lang='lat' dir='ltr'><strong>manum</strong></span> <span class='ocrx_word' id='word_1_32' title='bbox 404 626 530 684; x_wconf 88' lang='lat' dir='ltr'><strong>artiiices</strong></span> <span class='ocrx_word' id='word_1_33' title='bbox 555 641 643 702; x_wconf 90' lang='lat' dir='ltr'><strong>supra</strong></span> <span class='ocrx_word' id='word_1_34' title='bbox 672 624 791 699; x_wconf 89' lang='lat' dir='ltr'><strong>oculos,</strong></span> <span class='ocrx_word' id='word_1_35' title='bbox 821 625 929 685; x_wconf 88' lang='lat' dir='ltr'><strong>demitti</strong></span> <span class='ocrx_word' id='word_1_36' title='bbox 952 626 1026 686; x_wconf 88' lang='lat' dir='ltr'><strong>inira</strong></span> <span class='ocrx_word' id='word_1_37' title='bbox 1050 636 1158 704; x_wconf 88' lang='lat' dir='ltr'><strong>pectus</strong></span> 
     </span>
    </p>

    <p class='ocr_par' dir='ltr' id='par_1_3' title="bbox 99 708 1157 787">
     <span class='ocr_line' id='line_1_6' title="bbox 99 708 1157 787; baseline 0.003 -19"><span class='ocrx_word' id='word_1_38' title='bbox 99 718 102 722; x_wconf 77' lang='grc'>’</span> <span class='ocrx_word' id='word_1_39' title='bbox 155 720 268 778; x_wconf 78' lang='lat' dir='ltr'><strong>vetant:</strong></span> <span class='ocrx_word' id='word_1_40' title='bbox 290 710 364 770; x_wconf 90' lang='lat' dir='ltr'><strong>adeo</strong></span> <span class='ocrx_word' id='word_1_41' title='bbox 380 728 397 769; x_wconf 93' lang='lat' dir='ltr'><strong>a</strong></span> <span class='ocrx_word' id='word_1_42' title='bbox 414 710 510 787; x_wconf 89' lang='lat' dir='ltr'><strong>capite</strong></span> <span class='ocrx_word' id='word_1_43' title='bbox 526 726 588 767; x_wconf 90' lang='lat' dir='ltr'><strong>eam</strong></span> <span class='ocrx_word' id='word_1_44' title='bbox 609 716 712 786; x_wconf 88' lang='lat' dir='ltr'><strong>petere</strong></span> <span class='ocrx_word' id='word_1_45' title='bbox 734 708 833 768; x_wconf 84' lang='lat' dir='ltr'><strong>autad</strong></span> <span class='ocrx_word' id='word_1_46' title='bbox 855 710 939 767; x_wconf 92' lang='lat' dir='ltr'><strong>imum</strong></span> <span class='ocrx_word' id='word_1_47' title='bbox 957 718 1089 770; x_wconf 83' lang='lat' dir='ltr'><strong>uentrem</strong></span> <span class='ocrx_word' id='word_1_48' title='bbox 1107 711 1157 771; x_wconf 73' lang='lat' dir='ltr'><strong>de</strong></span> 
     </span>
    </p>

    <p class='ocr_par' dir='ltr' id='par_1_4' title="bbox 100 791 1158 1039">
     <span class='ocr_line' id='line_1_7' title="bbox 100 791 1157 872; baseline -0.001 -18"><span class='ocrx_word' id='word_1_49' title='bbox 100 796 279 870; x_wconf 87' lang='lat' dir='ltr'><strong>rr3ducere,</strong></span> <span class='ocrx_word' id='word_1_50' title='bbox 301 796 436 853; x_wconf 87' lang='lat' dir='ltr'><strong>vitiosum</strong></span> <span class='ocrx_word' id='word_1_51' title='bbox 453 791 584 851; x_wconf 89' lang='lat' dir='ltr'><strong>habetur.</strong></span> <span class='ocrx_word' id='word_1_52' title='bbox 619 791 650 851; x_wconf 90' lang='lat' dir='ltr'><strong>ln</strong></span> <span class='ocrx_word' id='word_1_53' title='bbox 669 793 814 851; x_wconf 89' lang='lat' dir='ltr'><strong>sinistrum</strong></span> <span class='ocrx_word' id='word_1_54' title='bbox 830 793 903 852; x_wconf 88' lang='lat' dir='ltr'><strong>intra</strong></span> <span class='ocrx_word' id='word_1_55' title='bbox 919 791 1068 852; x_wconf 90' lang='lat' dir='ltr'><strong>humerum</strong></span> <span class='ocrx_word' id='word_1_56' title='bbox 1088 811 1157 872; x_wconf 93' lang='lat' dir='ltr'><strong>pro·</strong></span> 
     </span>
     <span class='ocr_line' id='line_1_8' title="bbox 155 875 1158 946; baseline 0.001 -11"><span class='ocrx_word' id='word_1_57' title='bbox 155 887 300 946; x_wconf 71' lang='lat' dir='ltr'><strong>moretum</strong></span> <span class='ocrx_word' id='word_1_58' title='bbox 329 877 404 938; x_wconf 90' lang='lat' dir='ltr'><strong>ultra</strong></span> <span class='ocrx_word' id='word_1_59' title='bbox 427 894 484 936; x_wconf 91' lang='lat' dir='ltr'><strong>nou</strong></span> <span class='ocrx_word' id='word_1_60' title='bbox 506 876 602 936; x_wconf 89' lang='lat' dir='ltr'><strong>decet.</strong></span> <span class='ocrx_word' id='word_1_61' title='bbox 634 875 693 935; x_wconf 87' lang='lat' dir='ltr'><strong>Sed</strong></span> <span class='ocrx_word' id='word_1_62' title='bbox 716 893 780 934; x_wconf 89' lang='lat' dir='ltr'><strong>curn</strong></span> <span class='ocrx_word' id='word_1_63' title='bbox 798 885 966 936; x_wconf 81' lang='lat' dir='ltr'><strong>aversantes</strong></span> <span class='ocrx_word' id='word_1_64' title='bbox 991 879 1020 936; x_wconf 91' lang='lat' dir='ltr'><strong>in</strong></span> <span class='ocrx_word' id='word_1_65' title='bbox 1044 878 1158 937; x_wconf 90' lang='lat' dir='ltr'><strong>laevam</strong></span> 
     </span>
     <span class='ocr_line' id='line_1_9' title="bbox 155 959 1157 1039; baseline 0.001 -19"><span class='ocrx_word' id='word_1_66' title='bbox 155 970 266 1039; x_wconf 89' lang='lat' dir='ltr'><strong>partem</strong></span> <span class='ocrx_word' id='word_1_67' title='bbox 288 961 367 1021; x_wconf 87' lang='lat' dir='ltr'><strong>velut</strong></span> <span class='ocrx_word' id='word_1_68' title='bbox 388 960 588 1039; x_wconf 86' lang='lat' dir='ltr'><strong>propellemus</strong></span> <span class='ocrx_word' id='word_1_69' title='bbox 607 977 733 1019; x_wconf 90' lang='lat' dir='ltr'><strong>manum:</strong></span> <span class='ocrx_word' id='word_1_70' title='bbox 761 960 878 1018; x_wconf 86' lang='lat' dir='ltr'><strong>sinister</strong></span> <span class='ocrx_word' id='word_1_71' title='bbox 898 959 1034 1020; x_wconf 84' lang='lat' dir='ltr'><strong>humerus</strong></span> <span class='ocrx_word' id='word_1_72' title='bbox 1056 961 1157 1039; x_wconf 87' lang='lat' dir='ltr'><strong>prole·</strong></span> 
     </span>
    </p>

    <p class='ocr_par' dir='ltr' id='par_1_5' title="bbox 98 1043 1157 1372">
     <span class='ocr_line' id='line_1_10' title="bbox 98 1043 1157 1122; baseline -0.007 -13"><span class='ocrx_word' id='word_1_73' title='bbox 98 1045 272 1121; x_wconf 76' lang='lat' dir='ltr'><strong>lllrendus,</strong></span> <span class='ocrx_word' id='word_1_74' title='bbox 290 1055 319 1104; x_wconf 91' lang='lat' dir='ltr'><strong>ut</strong></span> <span class='ocrx_word' id='word_1_75' title='bbox 336 1062 399 1105; x_wconf 92' lang='lat' dir='ltr'><strong>cum</strong></span> <span class='ocrx_word' id='word_1_76' title='bbox 415 1046 511 1122; x_wconf 89' lang='lat' dir='ltr'><strong>capite</strong></span> <span class='ocrx_word' id='word_1_77' title='bbox 527 1044 563 1103; x_wconf 90' lang='lat' dir='ltr'><strong>ad</strong></span> <span class='ocrx_word' id='word_1_78' title='bbox 579 1043 710 1103; x_wconf 87' lang='lat' dir='ltr'><strong>dextram</strong></span> <span class='ocrx_word' id='word_1_79' title='bbox 725 1043 839 1102; x_wconf 83' lang='lat' dir='ltr'><strong>ferente</strong></span> <span class='ocrx_word' id='word_1_80' title='bbox 856 1046 1027 1103; x_wconf 86' lang='lat' dir='ltr'><strong>consentiat.</strong></span> <span class='ocrx_word' id='word_1_81' title='bbox 1056 1043 1157 1104; x_wconf 87' lang='lat' dir='ltr'><strong>Manus</strong></span> 
     </span>
     <span class='ocr_line' id='line_1_11' title="bbox 156 1126 1156 1207; baseline 0.002 -21"><span class='ocrx_word' id='word_1_82' title='bbox 156 1130 269 1188; x_wconf 90' lang='lat' dir='ltr'><strong>sinistra</strong></span> <span class='ocrx_word' id='word_1_83' title='bbox 294 1146 437 1207; x_wconf 87' lang='lat' dir='ltr'><strong>nunquam</strong></span> <span class='ocrx_word' id='word_1_84' title='bbox 458 1127 522 1186; x_wconf 89' lang='lat' dir='ltr'><strong>sola</strong></span> <span class='ocrx_word' id='word_1_85' title='bbox 542 1136 657 1205; x_wconf 77' lang='lat' dir='ltr'><strong>gestum</strong></span> <span class='ocrx_word' id='word_1_86' title='bbox 680 1135 763 1186; x_wconf 87' lang='lat' dir='ltr'><strong>reete</strong></span> <span class='ocrx_word' id='word_1_87' title='bbox 789 1126 873 1195; x_wconf 86' lang='lat' dir='ltr'><strong>iacit;</strong></span> <span class='ocrx_word' id='word_1_88' title='bbox 902 1127 1023 1188; x_wconf 79' lang='lat' dir='ltr'><strong>dextrae</strong></span> <span class='ocrx_word' id='word_1_89' title='bbox 1045 1147 1079 1187; x_wconf 92' lang='lat' dir='ltr'><strong>se</strong></span> <span class='ocrx_word' id='word_1_90' title='bbox 1099 1128 1156 1188; x_wconf 87' lang='lat' dir='ltr'><strong>ire·</strong></span> 
     </span>
     <span class='ocr_line' id='line_1_12' title="bbox 156 1210 1157 1290; baseline 0.001 -20"><span class='ocrx_word' id='word_1_91' title='bbox 156 1221 279 1290; x_wconf 78' lang='lat' dir='ltr'><strong>quanter</strong></span> <span class='ocrx_word' id='word_1_92' title='bbox 300 1212 516 1286; x_wconf 88' lang='lat' dir='ltr'><strong>accommodat,</strong></span> <span class='ocrx_word' id='word_1_93' title='bbox 541 1213 603 1271; x_wconf 89' lang='lat' dir='ltr'><strong>sive</strong></span> <span class='ocrx_word' id='word_1_94' title='bbox 626 1213 655 1269; x_wconf 93' lang='lat' dir='ltr'><strong>in</strong></span> <span class='ocrx_word' id='word_1_95' title='bbox 675 1210 782 1288; x_wconf 83' lang='lat' dir='ltr'><strong>digitos</strong></span> <span class='ocrx_word' id='word_1_96' title='bbox 808 1220 976 1288; x_wconf 76' lang='lat' dir='ltr'><strong>argumenta</strong></span> <span class='ocrx_word' id='word_1_97' title='bbox 999 1211 1157 1289; x_wconf 77' lang='lat' dir='ltr'><strong>digerimus</strong></span> 
     </span>
     <span class='ocr_line' id='line_1_13' title="bbox 155 1293 1157 1372; baseline 0 -18"><span class='ocrx_word' id='word_1_98' title='bbox 155 1299 217 1356; x_wconf 89' lang='lat' dir='ltr'><strong>sive</strong></span> <span class='ocrx_word' id='word_1_99' title='bbox 241 1298 352 1356; x_wconf 89' lang='lat' dir='ltr'><strong>aversis</strong></span> <span class='ocrx_word' id='word_1_100' title='bbox 375 1298 403 1354; x_wconf 94' lang='lat' dir='ltr'><strong>in</strong></span> <span class='ocrx_word' id='word_1_101' title='bbox 424 1297 568 1354; x_wconf 89' lang='lat' dir='ltr'><strong>sinistrum</strong></span> <span class='ocrx_word' id='word_1_102' title='bbox 589 1294 693 1372; x_wconf 93' lang='lat' dir='ltr'><strong>palmis</strong></span> <span class='ocrx_word' id='word_1_103' title='bbox 714 1293 910 1362; x_wconf 90' lang='lat' dir='ltr'><strong>abominamur</strong></span> <span class='ocrx_word' id='word_1_104' title='bbox 927 1297 989 1354; x_wconf 82' lang='lat' dir='ltr'><strong>sive</strong></span> <span class='ocrx_word' id='word_1_105' title='bbox 1005 1295 1157 1356; x_wconf 92' lang='lat' dir='ltr'><strong>obiicimus</strong></span> 
     </span>
    </p>

    <p class='ocr_par' dir='ltr' id='par_1_6' title="bbox 98 1378 1158 1792">
     <span class='ocr_line' id='line_1_14' title="bbox 98 1378 1156 1457; baseline -0.001 -18"><span class='ocrx_word' id='word_1_106' title='bbox 98 1380 293 1449; x_wconf 80' lang='lat' dir='ltr'><strong>115adversas</strong></span> <span class='ocrx_word' id='word_1_107' title='bbox 318 1380 381 1438; x_wconf 88' lang='lat' dir='ltr'><strong>sive</strong></span> <span class='ocrx_word' id='word_1_108' title='bbox 404 1381 432 1438; x_wconf 92' lang='lat' dir='ltr'><strong>in</strong></span> <span class='ocrx_word' id='word_1_109' title='bbox 459 1378 532 1438; x_wconf 85' lang='lat' dir='ltr'><strong>latus</strong></span> <span class='ocrx_word' id='word_1_110' title='bbox 554 1387 704 1457; x_wconf 90' lang='lat' dir='ltr'><strong>utramque</strong></span> <span class='ocrx_word' id='word_1_111' title='bbox 721 1378 924 1453; x_wconf 85' lang='lat' dir='ltr'><strong>distendimus,</strong></span> <span class='ocrx_word' id='word_1_112' title='bbox 957 1379 1020 1438; x_wconf 88' lang='lat' dir='ltr'><strong>sive</strong></span> <span class='ocrx_word' id='word_1_113' title='bbox 1042 1380 1156 1438; x_wconf 82' lang='lat' dir='ltr'><strong>satisfa-</strong></span> 
     </span>
     <span class='ocr_line' id='line_1_15' title="bbox 155 1460 1157 1543; baseline -0.002 -20"><span class='ocrx_word' id='word_1_114' title='bbox 155 1466 266 1523; x_wconf 91' lang='lat' dir='ltr'><strong>cientes</strong></span> <span class='ocrx_word' id='word_1_115' title='bbox 282 1473 329 1523; x_wconf 90' lang='lat' dir='ltr'><strong>aut</strong></span> <span class='ocrx_word' id='word_1_116' title='bbox 344 1461 543 1541; x_wconf 83' lang='lat' dir='ltr'><strong>supplicantes</strong></span> <span class='ocrx_word' id='word_1_117' title='bbox 568 1460 691 1539; x_wconf 86' lang='lat' dir='ltr'><strong>(diversi</strong></span> <span class='ocrx_word' id='word_1_118' title='bbox 714 1470 809 1521; x_wconf 90' lang='lat' dir='ltr'><strong>autem</strong></span> <span class='ocrx_word' id='word_1_119' title='bbox 824 1470 889 1521; x_wconf 90' lang='lat' dir='ltr'><strong>sunt</strong></span> <span class='ocrx_word' id='word_1_120' title='bbox 903 1461 932 1521; x_wconf 96' lang='lat' dir='ltr'><strong>hi</strong></span> <span class='ocrx_word' id='word_1_121' title='bbox 947 1465 1064 1543; x_wconf 81' lang='lat' dir='ltr'><strong>gestus)</strong></span> <span class='ocrx_word' id='word_1_122' title='bbox 1082 1479 1157 1521; x_wconf 88' lang='lat' dir='ltr'><strong>sum·</strong></span> 
     </span>
     <span class='ocr_line' id='line_1_16' title="bbox 155 1544 1158 1624; baseline 0 -19"><span class='ocrx_word' id='word_1_123' title='bbox 155 1548 288 1606; x_wconf 91' lang='lat' dir='ltr'><strong>mittimus</strong></span> <span class='ocrx_word' id='word_1_124' title='bbox 301 1547 362 1605; x_wconf 89' lang='lat' dir='ltr'><strong>sive</strong></span> <span class='ocrx_word' id='word_1_125' title='bbox 380 1546 535 1606; x_wconf 90' lang='lat' dir='ltr'><strong>adorantes</strong></span> <span class='ocrx_word' id='word_1_126' title='bbox 551 1545 708 1605; x_wconf 89' lang='lat' dir='ltr'><strong>attollimus</strong></span> <span class='ocrx_word' id='word_1_127' title='bbox 724 1546 786 1604; x_wconf 90' lang='lat' dir='ltr'><strong>sive</strong></span> <span class='ocrx_word' id='word_1_128' title='bbox 804 1544 899 1624; x_wconf 88' lang='lat' dir='ltr'><strong>aliqua</strong></span> <span class='ocrx_word' id='word_1_129' title='bbox 911 1545 1158 1607; x_wconf 81' lang='lat' dir='ltr'><strong>demonstratione</strong></span> 
     </span>
     <span class='ocr_line' id='line_1_17' title="bbox 155 1625 1157 1708; baseline 0.003 -21"><span class='ocrx_word' id='word_1_130' title='bbox 155 1639 202 1688; x_wconf 90' lang='lat' dir='ltr'><strong>aut</strong></span> <span class='ocrx_word' id='word_1_131' title='bbox 217 1631 400 1690; x_wconf 88' lang='lat' dir='ltr'><strong>invocatione</strong></span> <span class='ocrx_word' id='word_1_132' title='bbox 417 1628 630 1708; x_wconf 90' lang='lat' dir='ltr'><strong>protendimus:</strong></span> <span class='ocrx_word' id='word_1_133' title='bbox 657 1628 715 1691; x_wconf 84' lang='lat' dir='ltr'><strong>Vos</strong></span> <span class='ocrx_word' id='word_1_134' title='bbox 729 1625 842 1690; x_wconf 80' lang='lat' dir='ltr'><strong>Albani</strong></span> <span class='ocrx_word' id='word_1_135' title='bbox 855 1631 963 1692; x_wconf 82' lang='lat' dir='ltr'><strong>tumuli</strong></span> <span class='ocrx_word' id='word_1_136' title='bbox 976 1637 1068 1708; x_wconf 80' lang='lat' dir='ltr'><strong>utque</strong></span> <span class='ocrx_word' id='word_1_137' title='bbox 1083 1632 1157 1706; x_wconf 81' lang='lat' dir='ltr'><strong>luci,</strong></span> 
     </span>
     <span class='ocr_line' id='line_1_18' title="bbox 154 1709 1157 1792; baseline 0.003 -20"><span class='ocrx_word' id='word_1_138' title='bbox 154 1721 202 1772; x_wconf 89' lang='lat' dir='ltr'><strong>aut</strong></span> <span class='ocrx_word' id='word_1_139' title='bbox 218 1711 415 1774; x_wconf 83' lang='lat' dir='ltr'><strong>Gracchanum</strong></span> <span class='ocrx_word' id='word_1_140' title='bbox 430 1713 515 1773; x_wconf 92' lang='lat' dir='ltr'><strong>illud:</strong></span> <span class='ocrx_word' id='word_1_141' title='bbox 540 1711 606 1786; x_wconf 83' lang='lat' dir='ltr'><strong>Quo</strong></span> <span class='ocrx_word' id='word_1_142' title='bbox 616 1731 663 1774; x_wconf 86' lang='lat' dir='ltr'><strong>me</strong></span> <span class='ocrx_word' id='word_1_143' title='bbox 678 1715 772 1773; x_wconf 80' lang='lat' dir='ltr'><strong>miser</strong></span> <span class='ocrx_word' id='word_1_144' title='bbox 784 1709 964 1792; x_wconf 69' lang='lat' dir='ltr'><strong>conferam?</strong></span> <span class='ocrx_word' id='word_1_145' title='bbox 989 1716 1022 1774; x_wconf 79' lang='lat' dir='ltr'><strong>in</strong></span> <span class='ocrx_word' id='word_1_146' title='bbox 1036 1712 1157 1792; x_wconf 80' lang='lat' dir='ltr'><strong>Capito·</strong></span> 
     </span>
    </p>

    <p class='ocr_par' dir='ltr' id='par_1_7' title="bbox 98 1796 1158 2127">
     <span class='ocr_line' id='line_1_19' title="bbox 98 1796 1158 1877; baseline -0.007 -15"><span class='ocrx_word' id='word_1_147' title='bbox 98 1799 236 1874; x_wconf 73' lang='lat' dir='ltr'><strong>aretium,</strong></span> <span class='ocrx_word' id='word_1_148' title='bbox 254 1800 298 1859; x_wconf 84' lang='lat' dir='ltr'><strong>od</strong></span> <span class='ocrx_word' id='word_1_149' title='bbox 310 1798 422 1877; x_wconf 81' lang='lat' dir='ltr'><strong>fratris</strong></span> <span class='ocrx_word' id='word_1_150' title='bbox 436 1799 625 1876; x_wconf 70' lang='lat' dir='ltr'><strong>sanquinem,</strong></span> <span class='ocrx_word' id='word_1_151' title='bbox 641 1815 684 1857; x_wconf 81' lang='lat' dir='ltr'><strong>on</strong></span> <span class='ocrx_word' id='word_1_152' title='bbox 700 1798 840 1857; x_wconf 81' lang='lat' dir='ltr'><strong>domum?</strong></span> <span class='ocrx_word' id='word_1_153' title='bbox 860 1796 926 1857; x_wconf 90' lang='lat' dir='ltr'><strong>Plus</strong></span> <span class='ocrx_word' id='word_1_154' title='bbox 944 1799 1018 1857; x_wconf 91' lang='lat' dir='ltr'><strong>enim</strong></span> <span class='ocrx_word' id='word_1_155' title='bbox 1034 1798 1158 1857; x_wconf 79' lang='lat' dir='ltr'><strong>allectus</strong></span> 
     </span>
     <span class='ocr_line' id='line_1_20' title="bbox 154 1878 1157 1958; baseline 0 -18"><span class='ocrx_word' id='word_1_156' title='bbox 154 1883 182 1940; x_wconf 96' lang='lat' dir='ltr'><strong>in</strong></span> <span class='ocrx_word' id='word_1_157' title='bbox 205 1881 249 1940; x_wconf 91' lang='lat' dir='ltr'><strong>his</strong></span> <span class='ocrx_word' id='word_1_158' title='bbox 276 1882 390 1942; x_wconf 86' lang='lat' dir='ltr'><strong>iunctae</strong></span> <span class='ocrx_word' id='word_1_159' title='bbox 418 1879 557 1940; x_wconf 84' lang='lat' dir='ltr'><strong>exhibent</strong></span> <span class='ocrx_word' id='word_1_160' title='bbox 583 1897 695 1948; x_wconf 89' lang='lat' dir='ltr'><strong>mauus;</strong></span> <span class='ocrx_word' id='word_1_161' title='bbox 723 1881 750 1939; x_wconf 96' lang='lat' dir='ltr'><strong>in</strong></span> <span class='ocrx_word' id='word_1_162' title='bbox 768 1878 856 1938; x_wconf 90' lang='lat' dir='ltr'><strong>rebus</strong></span> <span class='ocrx_word' id='word_1_163' title='bbox 875 1883 988 1958; x_wconf 90' lang='lat' dir='ltr'><strong>parvis,</strong></span> <span class='ocrx_word' id='word_1_164' title='bbox 1014 1882 1157 1956; x_wconf 87' lang='lat' dir='ltr'><strong>tristibus,</strong></span> 
     </span>
     <span class='ocr_line' id='line_1_21' title="bbox 153 1961 1028 2041; baseline 0 -19"><span class='ocrx_word' id='word_1_165' title='bbox 153 1963 267 2024; x_wconf 89' lang='lat' dir='ltr'><strong>mitibus</strong></span> <span class='ocrx_word' id='word_1_166' title='bbox 285 1964 406 2033; x_wconf 63' lang='lat' dir='ltr'><strong>brevem</strong></span> <span class='ocrx_word' id='word_1_167' title='bbox 427 1966 555 2041; x_wconf 80' lang='lat' dir='ltr'><strong>maguis,</strong></span> <span class='ocrx_word' id='word_1_168' title='bbox 573 1963 672 2038; x_wconf 89' lang='lat' dir='ltr'><strong>lactis,</strong></span> <span class='ocrx_word' id='word_1_169' title='bbox 689 1961 838 2023; x_wconf 88' lang='lat' dir='ltr'><strong>atrocibus</strong></span> <span class='ocrx_word' id='word_1_170' title='bbox 854 1966 1028 2024; x_wconf 83' lang='lat' dir='ltr'><strong>exertiores.</strong></span> 
     </span>
     <span class='ocr_line' id='line_1_22' title="bbox 167 2047 1157 2127; baseline 0.002 -21"><span class='ocrx_word' id='word_1_171' title='bbox 167 2057 168 2061; x_wconf 77' lang='grc'>’</span> <span class='ocrx_word' id='word_1_172' title='bbox 237 2049 333 2109; x_wconf 88' lang='lat' dir='ltr'><strong>Vitia</strong></span> <span class='ocrx_word' id='word_1_173' title='bbox 345 2065 460 2127; x_wconf 86' lang='lat' dir='ltr'><strong>quoque</strong></span> <span class='ocrx_word' id='word_1_174' title='bbox 474 2065 571 2107; x_wconf 91' lang='lat' dir='ltr'><strong>earum</strong></span> <span class='ocrx_word' id='word_1_175' title='bbox 584 2047 762 2107; x_wconf 86' lang='lat' dir='ltr'><strong>subiicienda</strong></span> <span class='ocrx_word' id='word_1_176' title='bbox 774 2055 848 2121; x_wconf 89' lang='lat' dir='ltr'><strong>sunt,</strong></span> <span class='ocrx_word' id='word_1_177' title='bbox 865 2064 939 2125; x_wconf 89' lang='lat' dir='ltr'><strong>quae</strong></span> <span class='ocrx_word' id='word_1_178' title='bbox 952 2048 1067 2127; x_wconf 91' lang='lat' dir='ltr'><strong>quidem</strong></span> <span class='ocrx_word' id='word_1_179' title='bbox 1080 2049 1157 2108; x_wconf 89' lang='lat' dir='ltr'><strong>acci·</strong></span> 
     </span>
    </p>

    <p class='ocr_par' dir='ltr' id='par_1_8' title="bbox 96 2129 1158 2378">
     <span class='ocr_line' id='line_1_23' title="bbox 96 2129 1158 2210; baseline -0.001 -18"><span class='ocrx_word' id='word_1_180' title='bbox 96 2143 144 2198; x_wconf 76' lang='lat'><strong>117</strong></span> <span class='ocrx_word' id='word_1_181' title='bbox 153 2132 224 2192; x_wconf 92' lang='lat' dir='ltr'><strong>dere</strong></span> <span class='ocrx_word' id='word_1_182' title='bbox 241 2133 325 2191; x_wconf 89' lang='lat' dir='ltr'><strong>etiam</strong></span> <span class='ocrx_word' id='word_1_183' title='bbox 339 2133 505 2192; x_wconf 88' lang='lat' dir='ltr'><strong>exercitatis</strong></span> <span class='ocrx_word' id='word_1_184' title='bbox 518 2129 664 2190; x_wconf 88' lang='lat' dir='ltr'><strong>actoribus</strong></span> <span class='ocrx_word' id='word_1_185' title='bbox 678 2130 782 2190; x_wconf 88' lang='lat' dir='ltr'><strong>solent.</strong></span> <span class='ocrx_word' id='word_1_186' title='bbox 806 2129 878 2190; x_wconf 91' lang='lat' dir='ltr'><strong>Nam</strong></span> <span class='ocrx_word' id='word_1_187' title='bbox 893 2140 1007 2208; x_wconf 82' lang='lat' dir='ltr'><strong>gestum</strong></span> <span class='ocrx_word' id='word_1_188' title='bbox 1019 2132 1158 2210; x_wconf 90' lang='lat' dir='ltr'><strong>poculum</strong></span> 
     </span>
     <span class='ocr_line' id='line_1_24' title="bbox 153 2215 1156 2294; baseline 0 -20"><span class='ocrx_word' id='word_1_189' title='bbox 153 2216 303 2293; x_wconf 90' lang='lat' dir='ltr'><strong>poscentis</strong></span> <span class='ocrx_word' id='word_1_190' title='bbox 330 2223 378 2274; x_wconf 92' lang='lat' dir='ltr'><strong>aut</strong></span> <span class='ocrx_word' id='word_1_191' title='bbox 396 2215 522 2274; x_wconf 86' lang='lat' dir='ltr'><strong>verbera</strong></span> <span class='ocrx_word' id='word_1_192' title='bbox 542 2215 674 2274; x_wconf 89' lang='lat' dir='ltr'><strong>minantis</strong></span> <span class='ocrx_word' id='word_1_193' title='bbox 697 2223 744 2273; x_wconf 91' lang='lat' dir='ltr'><strong>aut</strong></span> <span class='ocrx_word' id='word_1_194' title='bbox 766 2232 915 2274; x_wconf 91' lang='lat' dir='ltr'><strong>numerum</strong></span> <span class='ocrx_word' id='word_1_195' title='bbox 934 2216 1156 2294; x_wconf 80' lang='lat' dir='ltr'><strong>quingentorum</strong></span> 
     </span>
     <span class='ocr_line' id='line_1_25' title="bbox 153 2297 1157 2378; baseline -0.001 -20"><span class='ocrx_word' id='word_1_196' title='bbox 153 2299 231 2358; x_wconf 90' lang='lat' dir='ltr'><strong>ilexo</strong></span> <span class='ocrx_word' id='word_1_197' title='bbox 248 2297 358 2374; x_wconf 88' lang='lat' dir='ltr'><strong>pollice</strong></span> <span class='ocrx_word' id='word_1_198' title='bbox 375 2298 545 2374; x_wconf 84' lang='lat' dir='ltr'><strong>efficientis,</strong></span> <span class='ocrx_word' id='word_1_199' title='bbox 570 2315 644 2377; x_wconf 87' lang='lat' dir='ltr'><strong>quae</strong></span> <span class='ocrx_word' id='word_1_200' title='bbox 662 2306 727 2356; x_wconf 86' lang='lat' dir='ltr'><strong>sunt</strong></span> <span class='ocrx_word' id='word_1_201' title='bbox 742 2315 757 2358; x_wconf 90' lang='lat' dir='ltr'><strong>a</strong></span> <span class='ocrx_word' id='word_1_202' title='bbox 774 2297 944 2377; x_wconf 86' lang='lat' dir='ltr'><strong>quibusdam</strong></span> <span class='ocrx_word' id='word_1_203' title='bbox 962 2298 1157 2378; x_wconf 91' lang='lat' dir='ltr'><strong>scriptoribus</strong></span> 
     </span>
    </p>

    <p class='ocr_par' dir='ltr' id='par_1_9' title="bbox 95 2381 1158 2964">
     <span class='ocr_line' id='line_1_26' title="bbox 95 2381 1158 2461; baseline 0.002 -22"><span class='ocrx_word' id='word_1_204' title='bbox 95 2385 265 2456; x_wconf 86' lang='lat' dir='ltr'><strong>118notata,</strong></span> <span class='ocrx_word' id='word_1_205' title='bbox 288 2399 325 2441; x_wconf 90' lang='lat' dir='ltr'><strong>ne</strong></span> <span class='ocrx_word' id='word_1_206' title='bbox 345 2382 373 2440; x_wconf 95' lang='lat' dir='ltr'><strong>in</strong></span> <span class='ocrx_word' id='word_1_207' title='bbox 388 2382 502 2441; x_wconf 89' lang='lat' dir='ltr'><strong>rusticis</strong></span> <span class='ocrx_word' id='word_1_208' title='bbox 523 2381 639 2461; x_wconf 90' lang='lat' dir='ltr'><strong>quidem</strong></span> <span class='ocrx_word' id='word_1_209' title='bbox 656 2381 724 2440; x_wconf 86' lang='lat' dir='ltr'><strong>vidi.</strong></span> <span class='ocrx_word' id='word_1_210' title='bbox 757 2382 796 2441; x_wconf 81' lang='lat' dir='ltr'><strong>m</strong></span> <span class='ocrx_word' id='word_1_211' title='bbox 811 2391 840 2441; x_wconf 91' lang='lat' dir='ltr'><strong>ut</strong></span> <span class='ocrx_word' id='word_1_212' title='bbox 858 2383 976 2443; x_wconf 88' lang='lat' dir='ltr'><strong>brachio</strong></span> <span class='ocrx_word' id='word_1_213' title='bbox 994 2392 1098 2442; x_wconf 91' lang='lat' dir='ltr'><strong>exerto</strong></span> <span class='ocrx_word' id='word_1_214' title='bbox 1116 2384 1158 2441; x_wconf 92' lang='lat' dir='ltr'><strong>in·</strong></span> 
     </span>
     <span class='ocr_line' id='line_1_27' title="bbox 152 2464 1157 2544; baseline 0.001 -20"><span class='ocrx_word' id='word_1_215' title='bbox 152 2466 337 2543; x_wconf 91' lang='lat' dir='ltr'><strong>trospiciatur</strong></span> <span class='ocrx_word' id='word_1_216' title='bbox 356 2465 446 2541; x_wconf 92' lang='lat' dir='ltr'><strong>latus,</strong></span> <span class='ocrx_word' id='word_1_217' title='bbox 468 2475 497 2524; x_wconf 92' lang='lat' dir='ltr'><strong>ut</strong></span> <span class='ocrx_word' id='word_1_218' title='bbox 517 2483 628 2525; x_wconf 91' lang='lat' dir='ltr'><strong>manum</strong></span> <span class='ocrx_word' id='word_1_219' title='bbox 646 2464 719 2524; x_wconf 92' lang='lat' dir='ltr'><strong>alius</strong></span> <span class='ocrx_word' id='word_1_220' title='bbox 743 2465 823 2526; x_wconf 90' lang='lat' dir='ltr'><strong>ultra</strong></span> <span class='ocrx_word' id='word_1_221' title='bbox 838 2467 928 2526; x_wconf 92' lang='lat' dir='ltr'><strong>sinum</strong></span> <span class='ocrx_word' id='word_1_222' title='bbox 945 2466 1079 2544; x_wconf 84' lang='lat' dir='ltr'><strong>proferre</strong></span> <span class='ocrx_word' id='word_1_223' title='bbox 1100 2484 1157 2526; x_wconf 91' lang='lat' dir='ltr'><strong>uon</strong></span> 
     </span>
     <span class='ocr_line' id='line_1_28' title="bbox 152 2549 1158 2629; baseline 0.002 -21"><span class='ocrx_word' id='word_1_224' title='bbox 152 2549 257 2609; x_wconf 87' lang='lat' dir='ltr'><strong>audeat</strong></span> <span class='ocrx_word' id='word_1_225' title='bbox 273 2550 361 2622; x_wconf 87' lang='lat' dir='ltr'><strong>alius,</strong></span> <span class='ocrx_word' id='word_1_226' title='bbox 388 2551 415 2608; x_wconf 94' lang='lat' dir='ltr'><strong>in</strong></span> <span class='ocrx_word' id='word_1_227' title='bbox 439 2559 571 2628; x_wconf 87' lang='lat' dir='ltr'><strong>quantum</strong></span> <span class='ocrx_word' id='word_1_228' title='bbox 594 2559 673 2627; x_wconf 90' lang='lat' dir='ltr'><strong>patet</strong></span> <span class='ocrx_word' id='word_1_229' title='bbox 689 2549 855 2626; x_wconf 80' lang='lat' dir='ltr'><strong>longitudo,</strong></span> <span class='ocrx_word' id='word_1_230' title='bbox 879 2551 1034 2629; x_wconf 88' lang='lat' dir='ltr'><strong>protendat</strong></span> <span class='ocrx_word' id='word_1_231' title='bbox 1057 2559 1106 2610; x_wconf 88' lang='lat' dir='ltr'><strong>aut</strong></span> <span class='ocrx_word' id='word_1_232' title='bbox 1121 2551 1158 2611; x_wconf 91' lang='lat' dir='ltr'><strong>ad</strong></span> 
     </span>
     <span class='ocr_line' id='line_1_29' title="bbox 151 2632 1157 2711; baseline 0 -19"><span class='ocrx_word' id='word_1_233' title='bbox 151 2641 258 2693; x_wconf 90' lang='lat' dir='ltr'><strong>tectum</strong></span> <span class='ocrx_word' id='word_1_234' title='bbox 274 2635 367 2710; x_wconf 82' lang='lat' dir='ltr'><strong>erigat</strong></span> <span class='ocrx_word' id='word_1_235' title='bbox 382 2642 429 2693; x_wconf 90' lang='lat' dir='ltr'><strong>aut</strong></span> <span class='ocrx_word' id='word_1_236' title='bbox 446 2634 570 2711; x_wconf 90' lang='lat' dir='ltr'><strong>repetito</strong></span> <span class='ocrx_word' id='word_1_237' title='bbox 592 2632 665 2692; x_wconf 89' lang='lat' dir='ltr'><strong>ultra</strong></span> <span class='ocrx_word' id='word_1_238' title='bbox 681 2632 795 2692; x_wconf 90' lang='lat' dir='ltr'><strong>laevum</strong></span> <span class='ocrx_word' id='word_1_239' title='bbox 811 2633 958 2693; x_wconf 88' lang='lat' dir='ltr'><strong>humerum</strong></span> <span class='ocrx_word' id='word_1_240' title='bbox 973 2642 1058 2711; x_wconf 77' lang='lat' dir='ltr'><strong>gestu</strong></span> <span class='ocrx_word' id='word_1_241' title='bbox 1074 2635 1115 2694; x_wconf 89' lang='lat' dir='ltr'><strong>ita</strong></span> <span class='ocrx_word' id='word_1_242' title='bbox 1130 2635 1157 2693; x_wconf 95' lang='lat' dir='ltr'><strong>in</strong></span> 
     </span>
     <span class='ocr_line' id='line_1_30' title="bbox 152 2717 1158 2795; baseline 0.002 -21"><span class='ocrx_word' id='word_1_243' title='bbox 152 2724 264 2792; x_wconf 81' lang='lat' dir='ltr'><strong>tergum</strong></span> <span class='ocrx_word' id='word_1_244' title='bbox 280 2717 423 2793; x_wconf 80' lang='lat' dir='ltr'><strong>flagellet,</strong></span> <span class='ocrx_word' id='word_1_245' title='bbox 442 2727 472 2774; x_wconf 91' lang='lat' dir='ltr'><strong>ut</strong></span> <span class='ocrx_word' id='word_1_246' title='bbox 487 2717 648 2775; x_wconf 87' lang='lat' dir='ltr'><strong>consistere</strong></span> <span class='ocrx_word' id='word_1_247' title='bbox 663 2725 731 2794; x_wconf 90' lang='lat' dir='ltr'><strong>post</strong></span> <span class='ocrx_word' id='word_1_248' title='bbox 746 2735 810 2777; x_wconf 92' lang='lat' dir='ltr'><strong>eum</strong></span> <span class='ocrx_word' id='word_1_249' title='bbox 825 2735 924 2795; x_wconf 86' lang='lat' dir='ltr'><strong>pamm</strong></span> <span class='ocrx_word' id='word_1_250' title='bbox 940 2725 1028 2777; x_wconf 88' lang='lat' dir='ltr'><strong>tutum</strong></span> <span class='ocrx_word' id='word_1_251' title='bbox 1044 2719 1092 2793; x_wconf 91' lang='lat' dir='ltr'><strong>sit,</strong></span> <span class='ocrx_word' id='word_1_252' title='bbox 1110 2726 1158 2777; x_wconf 90' lang='lat' dir='ltr'><strong>aut</strong></span> 
     </span>
     <span class='ocr_line' id='line_1_31' title="bbox 153 2796 1156 2879; baseline 0.003 -22"><span class='ocrx_word' id='word_1_253' title='bbox 153 2800 295 2859; x_wconf 89' lang='lat' dir='ltr'><strong>sinistrum</strong></span> <span class='ocrx_word' id='word_1_254' title='bbox 321 2801 407 2860; x_wconf 89' lang='lat' dir='ltr'><strong>ducat</strong></span> <span class='ocrx_word' id='word_1_255' title='bbox 429 2800 530 2860; x_wconf 92' lang='lat' dir='ltr'><strong>orbem</strong></span> <span class='ocrx_word' id='word_1_256' title='bbox 546 2809 593 2860; x_wconf 89' lang='lat' dir='ltr'><strong>aut</strong></span> <span class='ocrx_word' id='word_1_257' title='bbox 615 2809 726 2860; x_wconf 87' lang='lat' dir='ltr'><strong>temere</strong></span> <span class='ocrx_word' id='word_1_258' title='bbox 748 2818 848 2879; x_wconf 89' lang='lat' dir='ltr'><strong>sparsa</strong></span> <span class='ocrx_word' id='word_1_259' title='bbox 864 2796 991 2860; x_wconf 63' lang='lat' dir='ltr'><strong>manu&#39;in</strong></span> <span class='ocrx_word' id='word_1_260' title='bbox 1007 2803 1156 2879; x_wconf 91' lang='lat' dir='ltr'><strong>proximos</strong></span> 
     </span>
     <span class='ocr_line' id='line_1_32' title="bbox 152 2883 1156 2964; baseline 0.003 -24"><span class='ocrx_word' id='word_1_261' title='bbox 152 2883 281 2942; x_wconf 84' lang='lat' dir='ltr'><strong>offendat</strong></span> <span class='ocrx_word' id='word_1_262' title='bbox 304 2893 351 2943; x_wconf 91' lang='lat' dir='ltr'><strong>aut</strong></span> <span class='ocrx_word' id='word_1_263' title='bbox 378 2885 502 2943; x_wconf 89' lang='lat' dir='ltr'><strong>cubitum</strong></span> <span class='ocrx_word' id='word_1_264' title='bbox 528 2893 677 2964; x_wconf 89' lang='lat' dir='ltr'><strong>utrumque</strong></span> <span class='ocrx_word' id='word_1_265' title='bbox 704 2886 732 2943; x_wconf 97' lang='lat' dir='ltr'><strong>in</strong></span> <span class='ocrx_word' id='word_1_266' title='bbox 753 2884 898 2944; x_wconf 87' lang='lat' dir='ltr'><strong>diversum</strong></span> <span class='ocrx_word' id='word_1_267' title='bbox 924 2885 999 2944; x_wconf 89' lang='lat' dir='ltr'><strong>latus</strong></span> <span class='ocrx_word' id='word_1_268' title='bbox 1022 2884 1156 2960; x_wconf 86' lang='lat' dir='ltr'><strong>ventilet,</strong></span> 
     </span>
    </p>

    <p class='ocr_par' dir='ltr' id='par_1_10' title="bbox 94 2967 1177 3464">
     <span class='ocr_line' id='line_1_33' title="bbox 94 2967 1157 3046; baseline 0.002 -23"><span class='ocrx_word' id='word_1_269' title='bbox 94 2970 144 3024; x_wconf 84' lang='lat'><strong>119</strong></span> <span class='ocrx_word' id='word_1_270' title='bbox 152 2983 242 3044; x_wconf 87' lang='lat' dir='ltr'><strong>saepe</strong></span> <span class='ocrx_word' id='word_1_271' title='bbox 261 2967 323 3027; x_wconf 90' lang='lat' dir='ltr'><strong>scio</strong></span> <span class='ocrx_word' id='word_1_272' title='bbox 340 2970 468 3028; x_wconf 88' lang='lat' dir='ltr'><strong>evenire.</strong></span> <span class='ocrx_word' id='word_1_273' title='bbox 500 2967 583 3028; x_wconf 81' lang='lat' dir='ltr'><strong>Solet</strong></span> <span class='ocrx_word' id='word_1_274' title='bbox 598 2987 666 3027; x_wconf 88' lang='lat' dir='ltr'><strong>esse</strong></span> <span class='ocrx_word' id='word_1_275' title='bbox 682 2977 711 3027; x_wconf 87' lang='lat' dir='ltr'><strong>et</strong></span> <span class='ocrx_word' id='word_1_276' title='bbox 727 2969 810 3046; x_wconf 78' lang='lat' dir='ltr'><strong>pigra</strong></span> <span class='ocrx_word' id='word_1_277' title='bbox 826 2977 855 3027; x_wconf 88' lang='lat' dir='ltr'><strong>et</strong></span> <span class='ocrx_word' id='word_1_278' title='bbox 869 2967 982 3046; x_wconf 91' lang='lat' dir='ltr'><strong>trepida</strong></span> <span class='ocrx_word' id='word_1_279' title='bbox 998 2977 1027 3027; x_wconf 88' lang='lat' dir='ltr'><strong>ct</strong></span> <span class='ocrx_word' id='word_1_280' title='bbox 1045 2968 1157 3028; x_wconf 90' lang='lat' dir='ltr'><strong>secanti</strong></span> 
     </span>
     <span class='ocr_line' id='line_1_34' title="bbox 144 3050 1164 3130; baseline 0.002 -22"><span class='ocrx_word' id='word_1_281' title='bbox 144 3050 267 3128; x_wconf 81' lang='lat' dir='ltr'><strong>similis:</strong></span> <span class='ocrx_word' id='word_1_282' title='bbox 303 3053 386 3112; x_wconf 91' lang='lat' dir='ltr'><strong>etiam</strong></span> <span class='ocrx_word' id='word_1_283' title='bbox 414 3053 495 3112; x_wconf 91' lang='lat' dir='ltr'><strong>uncis</strong></span> <span class='ocrx_word' id='word_1_284' title='bbox 520 3051 633 3128; x_wconf 81' lang='lat' dir='ltr'><strong>digitis,</strong></span> <span class='ocrx_word' id='word_1_285' title='bbox 659 3061 689 3110; x_wconf 88' lang='lat' dir='ltr'><strong>ut</strong></span> <span class='ocrx_word' id='word_1_286' title='bbox 714 3061 762 3110; x_wconf 89' lang='lat' dir='ltr'><strong>aut</strong></span> <span class='ocrx_word' id='word_1_287' title='bbox 788 3051 884 3130; x_wconf 87' lang='lat' dir='ltr'><strong>capite</strong></span> <span class='ocrx_word' id='word_1_288' title='bbox 913 3052 1082 3126; x_wconf 89' lang='lat' dir='ltr'><strong>deiiciatur,</strong></span> <span class='ocrx_word' id='word_1_289' title='bbox 1109 3059 1164 3110; x_wconf 80' lang='lat' dir='ltr'><strong>aut</strong></span> 
     </span>
     <span class='ocr_line' id='line_1_35' title="bbox 152 3133 1142 3214; baseline 0 -21"><span class='ocrx_word' id='word_1_290' title='bbox 152 3133 254 3194; x_wconf 91' lang='lat' dir='ltr'><strong>eadem</strong></span> <span class='ocrx_word' id='word_1_291' title='bbox 270 3154 352 3195; x_wconf 90' lang='lat' dir='ltr'><strong>manu</strong></span> <span class='ocrx_word' id='word_1_292' title='bbox 370 3137 500 3214; x_wconf 87' lang='lat' dir='ltr'><strong>supinata</strong></span> <span class='ocrx_word' id='word_1_293' title='bbox 518 3135 545 3192; x_wconf 93' lang='lat' dir='ltr'><strong>in</strong></span> <span class='ocrx_word' id='word_1_294' title='bbox 561 3135 711 3211; x_wconf 89' lang='lat' dir='ltr'><strong>superiora</strong></span> <span class='ocrx_word' id='word_1_295' title='bbox 729 3136 859 3195; x_wconf 89' lang='lat' dir='ltr'><strong>iactetur.</strong></span> <span class='ocrx_word' id='word_1_296' title='bbox 892 3133 937 3194; x_wconf 85' lang='lat' dir='ltr'><strong>Fit</strong></span> <span class='ocrx_word' id='word_1_297' title='bbox 957 3144 987 3195; x_wconf 90' lang='lat' dir='ltr'><strong>et</strong></span> <span class='ocrx_word' id='word_1_298' title='bbox 1006 3135 1057 3194; x_wconf 89' lang='lat' dir='ltr'><strong>ille</strong></span> <span class='ocrx_word' id='word_1_299' title='bbox 1074 3134 1142 3194; x_wconf 91' lang='lat' dir='ltr'><strong>habi</strong></span> 
     </span>
     <span class='ocr_line' id='line_1_36' title="bbox 151 3216 1155 3297; baseline 0.001 -22"><span class='ocrx_word' id='word_1_300' title='bbox 151 3226 211 3291; x_wconf 92' lang='lat' dir='ltr'><strong>tus,</strong></span> <span class='ocrx_word' id='word_1_301' title='bbox 231 3220 362 3297; x_wconf 87' lang='lat' dir='ltr'><strong>quiesse</strong></span> <span class='ocrx_word' id='word_1_302' title='bbox 379 3220 407 3277; x_wconf 90' lang='lat' dir='ltr'><strong>lu</strong></span> <span class='ocrx_word' id='word_1_303' title='bbox 423 3219 521 3278; x_wconf 89' lang='lat' dir='ltr'><strong>statuis</strong></span> <span class='ocrx_word' id='word_1_304' title='bbox 536 3216 705 3295; x_wconf 88' lang='lat' dir='ltr'><strong>pacificator</strong></span> <span class='ocrx_word' id='word_1_305' title='bbox 722 3217 815 3293; x_wconf 89' lang='lat' dir='ltr'><strong>solet,</strong></span> <span class='ocrx_word' id='word_1_306' title='bbox 832 3219 892 3297; x_wconf 88' lang='lat' dir='ltr'><strong>qui,</strong></span> <span class='ocrx_word' id='word_1_307' title='bbox 909 3218 1044 3278; x_wconf 89' lang='lat' dir='ltr'><strong>inclinato</strong></span> <span class='ocrx_word' id='word_1_308' title='bbox 1060 3219 1090 3276; x_wconf 94' lang='lat' dir='ltr'><strong>in</strong></span> <span class='ocrx_word' id='word_1_309' title='bbox 1105 3218 1155 3278; x_wconf 94' lang='lat' dir='ltr'><strong>hu·</strong></span> 
     </span>
     <span class='ocr_line' id='line_1_37' title="bbox 150 3300 1156 3379; baseline 0 -19"><span class='ocrx_word' id='word_1_310' title='bbox 150 3320 259 3361; x_wconf 91' lang='lat' dir='ltr'><strong>merum</strong></span> <span class='ocrx_word' id='word_1_311' title='bbox 280 3303 411 3363; x_wconf 89' lang='lat' dir='ltr'><strong>dextrum</strong></span> <span class='ocrx_word' id='word_1_312' title='bbox 434 3303 544 3377; x_wconf 86' lang='lat' dir='ltr'><strong>capite,</strong></span> <span class='ocrx_word' id='word_1_313' title='bbox 569 3300 688 3360; x_wconf 91' lang='lat' dir='ltr'><strong>brachio</strong></span> <span class='ocrx_word' id='word_1_314' title='bbox 705 3300 741 3360; x_wconf 89' lang='lat' dir='ltr'><strong>ab</strong></span> <span class='ocrx_word' id='word_1_315' title='bbox 763 3319 833 3360; x_wconf 93' lang='lat' dir='ltr'><strong>aure</strong></span> <span class='ocrx_word' id='word_1_316' title='bbox 859 3312 1016 3379; x_wconf 89' lang='lat' dir='ltr'><strong>protenso,</strong></span> <span class='ocrx_word' id='word_1_317' title='bbox 1044 3319 1156 3361; x_wconf 91' lang='lat' dir='ltr'><strong>manum</strong></span> 
     </span>
     <span class='ocr_line' id='line_1_38' title="bbox 151 3383 1177 3464; baseline -0.001 -21"><span class='ocrx_word' id='word_1_318' title='bbox 151 3385 255 3446; x_wconf 90' lang='lat' dir='ltr'><strong>inlesto</strong></span> <span class='ocrx_word' id='word_1_319' title='bbox 275 3386 384 3464; x_wconf 89' lang='lat' dir='ltr'><strong>pollice</strong></span> <span class='ocrx_word' id='word_1_320' title='bbox 406 3383 549 3451; x_wconf 87' lang='lat' dir='ltr'><strong>extendit;</strong></span> <span class='ocrx_word' id='word_1_321' title='bbox 574 3383 752 3463; x_wconf 89' lang='lat' dir='ltr'><strong>quiquidem</strong></span> <span class='ocrx_word' id='word_1_322' title='bbox 767 3387 890 3444; x_wconf 87' lang='lat' dir='ltr'><strong>maxime</strong></span> <span class='ocrx_word' id='word_1_323' title='bbox 906 3385 1005 3463; x_wconf 89' lang='lat' dir='ltr'><strong>placet</strong></span> <span class='ocrx_word' id='word_1_324' title='bbox 1029 3385 1080 3459; x_wconf 87' lang='lat' dir='ltr'><strong>iis,</strong></span> <span class='ocrx_word' id='word_1_325' title='bbox 1106 3384 1156 3463; x_wconf 78' lang='lat' dir='ltr'><strong>qui</strong></span> <span class='ocrx_word' id='word_1_326' title='bbox 1176 3406 1177 3410; x_wconf 44' lang='lat'>¹</span> 
     </span>
    </p>

    <p class='ocr_par' dir='ltr' id='par_1_11' title="bbox 85 3465 1155 3545">
     <span class='ocr_line' id='line_1_39' title="bbox 85 3465 1155 3545; baseline 0 -19"><span class='ocrx_word' id='word_1_327' title='bbox 85 3474 181 3527; x_wconf 64' lang='lat' dir='ltr'><strong>mose</strong></span> <span class='ocrx_word' id='word_1_328' title='bbox 199 3470 300 3529; x_wconf 88' lang='lat' dir='ltr'><strong>dicere</strong></span> <span class='ocrx_word' id='word_1_329' title='bbox 317 3467 428 3527; x_wconf 87' lang='lat' dir='ltr'><strong>sublata</strong></span> <span class='ocrx_word' id='word_1_330' title='bbox 444 3486 527 3528; x_wconf 92' lang='lat' dir='ltr'><strong>manu</strong></span> <span class='ocrx_word' id='word_1_331' title='bbox 544 3469 658 3527; x_wconf 89' lang='lat' dir='ltr'><strong>iactant.</strong></span> <span class='ocrx_word' id='word_1_332' title='bbox 697 3465 826 3526; x_wconf 77' lang='lat' dir='ltr'><strong>hdiicias</strong></span> <span class='ocrx_word' id='word_1_333' title='bbox 843 3468 911 3528; x_wconf 91' lang='lat' dir='ltr'><strong>licet</strong></span> <span class='ocrx_word' id='word_1_334' title='bbox 927 3485 997 3543; x_wconf 86' lang='lat' dir='ltr'><strong>eos,</strong></span> <span class='ocrx_word' id='word_1_335' title='bbox 1022 3469 1070 3545; x_wconf 89' lang='lat' dir='ltr'><strong>qui</strong></span> <span class='ocrx_word' id='word_1_336' title='bbox 1088 3485 1155 3526; x_wconf 87' lang='lat' dir='ltr'><strong>sen·</strong></span> 
     </span>
    </p>
   </div>
   <div class='ocr_carea' id='block_1_3' title="bbox 74 3580 247 3636">
    <p class='ocr_par' dir='ltr' id='par_1_12' title="bbox 74 3580 247 3636">
     <span class='ocr_line' id='line_1_40' title="bbox 74 3580 247 3636; baseline 0 0"><span class='ocrx_word' id='word_1_337' title='bbox 74 3580 247 3636; x_wconf 59' lang='lat' dir='ltr'>A</span> 
     </span>
    </p>
   </div>
   <div class='ocr_carea' id='block_1_4' title="bbox 0 0 1208 3854">
    <p class='ocr_par' dir='ltr' id='par_1_13' title="bbox 0 0 1208 3854">
     <span class='ocr_line' id='line_1_41' title="bbox 0 0 1208 3854; baseline 0 0"><span class='ocrx_word' id='word_1_338' title='bbox 0 0 1208 3854; x_wconf 95' lang='lat' dir='ltr'><strong> </strong></span> 
     </span>
    </p>
   </div>
  </div>
 </body>
</html>
