2408 3854
134 182 195 246 206
448 195 485 241 ιι.
504 194 582 240 nnc.
600 193 821 268 curnumrnnr

134 358 232 429 partes
254 365 312 407 non
333 348 389 406 sint
409 347 605 424 perexiguae,
630 345 739 424 alioqui
762 363 861 404 rursus
883 345 990 404 multae
1013 354 1096 405 erunt
1111 355 1142 406 et

135 450 197 493 eam
219 432 393 507 distinguent
416 439 502 507 atque
524 428 685 488 concident.
719 427 781 487 Nec
799 430 898 506 utique
921 438 1031 488 certum
1051 430 1141 507 impe·

133 517 256 577 caverim
271 514 385 574 modum
400 513 453 573 sed
469 513 590 571 maxime
607 514 771 590 utquisque
784 511 1005 589 linieturlocus,
1022 514 1049 572 ui
1063 512 1143 571 lorte

92 610 189 663 aetam
213 614 399 671 numerosus,
421 605 452 654 ut
470 598 533 674 ipse
556 612 672 673 quoque
697 595 783 655 dividi
807 595 922 655 debeat.
961 594 1055 655 Dandi
1076 605 1143 655 sunt

135 684 207 743 certi
222 681 336 759 quidam
352 681 474 753 termini,
493 688 523 738 ut
541 687 707 738 contextum
721 678 886 753 verborum,
903 680 952 757 qui
968 689 1013 738 est
1028 679 1142 738 difficit·

135 767 234 840 limus,
258 766 404 824 continuet
422 762 524 822 crebra
540 762 705 838 meditatio,
728 771 827 841 partes
843 762 982 841 deinceps
998 765 1079 841 ipsas
1087 759 1141 822 're-

135 850 240 928 petitus
259 848 331 906 ordo
348 848 511 924 coniungat.
546 844 610 904 Non
627 855 673 905 est
687 846 803 922 inutile,
828 846 879 922 iis,
903 863 978 924 quae
996 846 1143 906 difficilius

133 931 282 1004 haereant,
299 930 409 1009 aliquas
425 947 574 1008 apponere
590 938 684 1004 notas,
701 947 818 1007 quarum
833 929 997 990 recordatio
1016 947 1142 989 commo-

91 1025 202 1080 aoneat
218 1024 247 1074 et
259 1017 340 1092 qarasi
352 1015 460 1072 excitet
472 1014 648 1088 memoriam,
666 1013 765 1090 (nemo
786 1015 871 1074 etiam
883 1013 946 1073 iere
962 1022 1018 1075 tam
1029 1013 1140 1089 inlelix,

137 1109 182 1173 ut,
209 1099 285 1176 quod
310 1098 412 1175 cuique
438 1097 505 1156 loco
526 1098 638 1172 signum
660 1097 864 1172 destinaverit,
886 1098 1013 1172 nesciat,
1034 1105 1083 1172 ut,
1105 1098 1144 1156 sit

136 1181 304 1242 excitandus
320 1181 356 1241 ad
372 1181 444 1255 hoc,
467 1197 524 1259 quo
543 1180 579 1240 ad
596 1180 753 1239 remedium
776 1182 879 1259 utitur)
896 1189 926 1239 ut
946 1182 1029 1259 ipsae
1053 1189 1143 1240 notae

136 1265 208 1343 (hoc
225 1266 299 1324 enim
316 1273 361 1323 est
385 1283 422 1323 ex
436 1264 485 1322 illa
504 1273 566 1323 arte
584 1280 641 1322 non
661 1263 777 1342 inutile)
799 1273 925 1323 attentos
946 1265 982 1324 ad
1004 1281 1072 1339 eos,
1095 1265 1143 1342 qui

135 1348 286 1421 excidunt,
303 1365 422 1406 sensus:
446 1365 581 1406 ancoram
596 1355 626 1404 ut
641 1365 729 1425 supra
746 1349 845 1425 posui,
862 1348 886 1406 si
902 1348 939 1406 de
954 1366 1028 1407 nave
1044 1347 1144 1407 dicen·

92 1434 199 1498 3odum
222 1440 314 1497 esset:
340 1429 498 1507 spiculum,
522 1431 546 1489 si
564 1432 600 1490 de
622 1430 746 1508 proelio.
779 1429 897 1489 llultum
914 1432 1086 1508 enimsigna
1101 1431 1142 1490 la·

136 1518 221 1586 ciunt,
240 1523 268 1572 et
286 1531 323 1572 ex
339 1513 394 1572 alia
409 1515 546 1572 memoria
560 1516 639 1572 venit
656 1513 727 1574 alia:
743 1523 774 1573 ιιι
790 1532 853 1573 cum
868 1515 1023 1574 translatus
1040 1515 1143 1575 anulus

33 1668 37 1673 Ι
134 1597 183 1655 vel
199 1596 332 1672 alligatus
349 1607 529 1656 commoneat
549 1614 618 1672 uos,
643 1615 693 1656 cur
713 1599 741 1657 id
757 1597 923 1657 fecerimus.
955 1597 1036 1657 llaec
1050 1600 1143 1673 magis

135 1680 228 1738 adhuc
242 1681 413 1756 astringunt,
435 1683 482 1758 qui
502 1682 668 1741 memoriam
689 1680 724 1740 ab
746 1682 844 1760 aliquo
869 1681 953 1741 simili
969 1681 1144 1740 transierunt

135 1763 225 1838 adid,
242 1764 319 1841 quod
335 1764 535 1823 continendum
552 1773 611 1824 est:
628 1773 658 1824 ut
672 1765 700 1822 in
715 1764 886 1839 nominibus,
903 1766 927 1822 si
943 1763 1049 1823 Fabius
1067 1764 1143 1822 lorte

135 1848 171 1905 sit
188 1846 344 1922 tenendus,
367 1847 526 1906 referamus
543 1847 578 1906 ad
600 1847 679 1907 illurn
696 1845 916 1922 Cunctatorem,
941 1849 989 1926 qui
1005 1847 1143 1906 excidere

93 1942 125 1994 31
137 1947 193 1988 non
208 1939 315 2008 potest,
334 1940 381 1989 aut
397 1931 432 1989 ad
448 1932 573 2007 aliquem
590 1932 721 2007 amicum,
739 1933 787 2009 qui
801 1932 875 1992 idem
894 1940 1025 1990 vocetur.
1058 1930 1143 2003 Quod

137 2024 181 2074 est
198 2014 354 2073 faciliusin
369 2013 457 2091 Apris
473 2023 502 2072 et
524 2015 552 2072 io
569 2013 651 2074 Ursis
674 2023 703 2074 et
720 2013 836 2075 Nasone
859 2024 907 2074 aut
925 2010 1047 2092 Crispo,
1069 2023 1099 2072 ιιι
1114 2012 1143 2072 id

135 2098 289 2156 memoriae
315 2096 465 2172 alligatur,
489 2096 565 2155 unde
586 2105 651 2156 sunt
674 2100 796 2158 nomina.
834 2097 924 2175 Origo
953 2115 1070 2177 quoque
1091 2097 1142 2156 ali·

136 2180 248 2257 quando
266 2179 473 2238 declinatorum
488 2180 604 2240 tenendi
619 2183 710 2259 magis
727 2200 813 2242 causa
829 2192 883 2257 est,
899 2191 929 2241 ut
944 2182 972 2239 in
984 2178 1143 2245 Cicerone,

134 2261 255 2334 Verrio,
273 2261 402 2320 Aurelio.
435 2262 494 2322 Sed
512 2262 707 2324 haecmiseri.
981 2289 984 2294 ·

28 2373 29 2376 ¹
93 2357 128 2410 ιιι
218 2342 291 2403 lllud
307 2347 449 2404 neminem
460 2362 517 2404 non
533 2346 651 2422 iuvabit,
668 2349 770 2408 iisdem
784 2348 886 2425 quibus
900 2348 1050 2425 scripserit
1065 2347 1142 2405 ceris

137 2429 279 2487 ediscere.
313 2429 449 2506 Sequitur
472 2431 546 2488 enim
567 2432 698 2507 vestigiis
720 2431 888 2509 quibusdam
908 2431 1089 2504 memoriam,
1113 2437 1143 2488 et

136 2512 215 2571 velut
242 2511 333 2571 oculis
358 2514 482 2572 intuetur
505 2531 562 2572 non
589 2516 708 2592 paginas
736 2515 822 2575 modo
847 2514 899 2573 sed
920 2531 1022 2573 versus
1046 2529 1142 2591 prope

136 2597 231 2673 ipsos;
255 2613 328 2673 quae
351 2605 408 2655 tum
430 2596 498 2656 dicit
519 2598 619 2656 similis
636 2597 757 2674 legenti.
788 2597 847 2657 lam
864 2615 936 2657 vero
953 2599 976 2656 si
992 2597 1076 2656 litura
1093 2603 1142 2655 aut

136 2679 260 2738 adiectis
277 2678 372 2756 aliqua
388 2689 473 2759 atque
489 2683 606 2741 mutatio
619 2682 800 2756 interveniat,
817 2683 899 2758 signa
912 2690 976 2740 sunt
988 2679 1140 2759 quaedam,

94 2773 210 2838 33quae
231 2763 372 2821 intuentes
394 2762 531 2823 deerrare
554 2782 611 2832 non
634 2781 798 2842 possumus.
832 2763 913 2825 llaec
937 2766 1026 2839 ratio,
1048 2770 1079 2820 ut
1096 2768 1142 2819 est

135 2842 193 2916 illi,
217 2843 252 2902 de
269 2862 324 2921 qua
340 2845 459 2930 primum
475 2846 587 2906 locutus
604 2866 681 2924 sum,
706 2850 760 2908 arti
777 2865 834 2908 non
853 2847 1015 2921 dissimilis,
1037 2846 1094 2919 ita,
1116 2844 1141 2902 si

136 2926 203 3005 quid
217 2943 262 2984 me
283 2929 481 3005 experimenta
498 2929 673 3006 docuerunt,
696 2940 726 2991 et
747 2930 911 3010 expeditior
931 2939 960 2990 et
983 2929 1140 3009 potentior.

135 3008 276 3069 Edisoere
292 3012 378 3070 tacite
393 3012 472 3089 (nam
487 3013 516 3072 id
531 3030 647 3093 quoque
663 3023 709 3074 est
724 3015 899 3093 quaesitum)
916 3022 978 3074 erat
993 3013 1142 3090 optimum,

136 3093 160 3150 si
176 3108 232 3149 non
253 3091 381 3153 subirent
403 3095 483 3155 velut
505 3097 763 3156 otiosum-animum
780 3097 951 3177 plerumque
967 3096 1042 3157 aliae
1061 3094 1143 3170 cogi·

136 3175 273 3242 tationem
297 3185 419 3253 propter
437 3196 507 3255 quas
524 3179 697 3239 excitandus
710 3190 756 3240 est
771 3199 864 3257 voce,
888 3190 918 3240 ιιι
940 3179 1047 3258 duplici
1063 3185 1142 3237 motu

137 3259 248 3319 iuvetur
263 3261 400 3320 memoria
416 3260 529 3320 dicendi
547 3270 576 3324 et
597 3262 741 3324 audiendi.
774 3265 834 3325 Sed
856 3264 930 3325 liaeo
950 3281 1010 3323 vox
1030 3263 1067 3320 sit
1082 3276 1142 3319 mo·

92 3340 200 3402 dedica
223 3352 252 3402 et
272 3345 362 3418 magis
385 3362 517 3406 murmur.
557 3344 612 3417 Qui
632 3356 726 3406 autem
750 3348 868 3424 legente
893 3349 949 3408 alio
971 3346 1090 3419 ediscit,
1114 3345 1143 3402 in

137 3433 219 3502 parte
235 3424 376 3502 tardatur,
399 3427 476 3505 quod
497 3430 592 3488 acrior
616 3438 660 3489 est
681 3431 831 3490 oculorum
853 3450 937 3510 quam
954 3431 1061 3491 aurium
1076 3445 1143 3487 seu·
