2408 3854
363 185 453 236 mrsu.
467 186 698 236 economum.
711 188 763 256 nx,
776 185 802 238 1.
833 178 836 183 ’
1042 180 1082 242 87

74 341 171 420 tropis
191 340 347 418 figurarum
372 359 477 402 nomen
499 341 662 421 imponant,
692 361 813 422 quorum
835 354 880 405 est
898 342 931 404 G.
948 344 1082 406 Artorius

77 424 231 488 Proculus.
257 423 333 499 Quin
347 426 421 487 adeo
437 424 593 487 similitudo
610 426 761 487 manifesta
777 437 836 504 est,
853 437 884 488 ut
896 445 960 489 eam
973 429 1083 489 discer-

73 525 148 570 nere
169 525 228 569 non
250 509 287 569 sit
311 512 505 589 inpromptu.
549 508 621 571 Nam
643 527 700 588 quo
722 513 809 573 modo
828 512 968 590 quaedam
989 513 1018 571 in
1038 513 1083 573 lris
1117 546 1118 550 =

78 593 198 674 species
215 592 302 672 plane
318 595 438 670 distant,
455 603 588 653 manente
603 603 698 654 tamen
713 596 846 673 generali
862 596 912 656 illa
928 597 1082 674 societate,

77 676 155 758 quod
176 685 299 755 utruque
314 696 363 739 res
389 695 405 738 a
424 686 507 738 recta
523 685 552 738 et
572 678 697 757 simplici
718 680 829 739 ratione
848 678 1024 759 cumulique
1042 682 1082 742 di·

77 760 162 825 oendi
185 761 292 822 virtute
315 761 493 828 dellectitur:
519 762 558 821 ita
575 762 716 840 quaedam
732 781 872 844 perquam
894 767 972 824 tenui
994 763 1083 825 limite

75 844 257 921 dividuntur,
279 855 393 906 uicum
414 846 506 906 ironia
523 854 580 905 tam
601 847 677 906 inter
698 846 805 925 figuras
820 850 982 909 sententiae
1000 865 1084 950 quam

74 930 151 992 tuter
168 938 271 1009 tropos
293 931 471 1009 reperiatur,
497 929 676 1010 περίφρασιν
698 939 843 991 autumet
867 923 1032 1012 ὑπερβατὸν
1054 941 1083 992 el
1148 929 1151 934 ’

74 1002 305 1093 ὄνομαιοιιοιΐαν
320 1014 391 1075 clari
407 1030 524 1092 quoque
541 1022 677 1075 auctores
693 1014 799 1092 ligurus
815 1015 971 1076 verborum
986 1018 1082 1096 potius

75 1115 161 1178 quam
176 1107 280 1177 tropos
297 1098 430 1159 dixerint.

162 1180 228 1255 Quo
249 1183 341 1259 magis
364 1181 503 1259 signanda
518 1192 564 1242 cst
579 1183 729 1260 utriusque
751 1184 794 1242 rei
815 1182 986 1244 differentia.
1030 1182 1112 1245 lists

74 1266 163 1344 igitur
186 1273 319 1344 tropos
345 1282 442 1326 sermo
466 1282 482 1324 a
502 1265 624 1326 naturali
645 1275 674 1326 et
695 1267 848 1346 principali
871 1267 1083 1346 significatione

74 1348 232 1411 translatus
244 1349 280 1410 ad
292 1349 377 1410 aliam
389 1349 534 1410 ornandae
548 1350 686 1412 orationis
698 1353 806 1428 gratia,
823 1352 889 1429 vel,
905 1361 936 1411 ut
949 1350 1083 1431 plerique

73 1434 254 1514 grammatici
275 1434 389 1509 liniunt,
419 1434 507 1494 dictio
530 1434 565 1494 alr
588 1450 624 1493 eo
646 1434 728 1511 loco,
758 1436 787 1494 in
808 1452 866 1514 quo
884 1437 1003 1515 propria
1026 1445 1083 1514 est,
1162 1513 1163 1516 Ἴ

74 1517 214 1580 translatu
228 1518 257 1577 in
272 1536 352 1594 eum,
368 1519 397 1577 in
412 1533 469 1597 quo
487 1520 607 1596 propria
622 1536 679 1577 non
696 1527 756 1587 est:
782 1518 918 1596 figura,
940 1521 1016 1580 sicut
1032 1537 1083 1581 uo·

75 1604 152 1663 mine
171 1603 237 1680 ipso
252 1611 351 1681 patet,
369 1601 559 1663 conformatio
576 1601 716 1701 quaedam
733 1605 902 1663 acommuui
918 1612 947 1664 et
962 1606 1084 1682 primum

76 1705 110 1748 se
132 1686 276 1747 ollerente
299 1686 421 1747 ratione.
460 1684 590 1758 Quare
581 1705 609 1746 ιιι
630 1687 723 1764 tropis
745 1696 916 1794 ponuntur
912 1687 1002 1748 verba
1027 1689 1112 1750 alian

75 1787 130 1851 pro
147 1769 232 1846 aliis,
258 1779 289 1830 ut
304 1771 332 1830 in
352 1773 519 1871 μεταφορᾷ,
536 1771 718 1869 pqcmvvplpt,
736 1771 949 1874 uvrovopuoiqr,
964 1767 1084 1851 μεταλή·

76 1867 144 1932 ψει,
159 1855 339 1937 συνεκδοχῇ,
351 1849 541 1935 καταχρήσει,
554 1845 697 1955 ἆλληγορί
696 1876 730 1937 qr,
743 1831 927 1933 plerumque
924 1848 1082 1956 ὑπερβολρ.

74 1935 207 2019 Namque
223 1947 252 1998 et
266 1937 354 1998 rebus
366 1939 398 1999 lit
414 1947 444 1998 et
460 1938 568 1998 verbis
604 1913 828 2016 bosporanos&
842 1937 920 2002 lictio
935 1948 980 1998 est
994 1941 1084 1999 nerui·

74 2025 135 2092 uis;
159 2039 232 2101 ergo
247 2022 306 2084 hoc
322 2040 440 2102 quoque
457 2039 511 2103 pro
527 2021 590 2082 aliis
603 2024 733 2101 ponitur,
753 2019 856 2119 quibus
873 2040 953 2081 usurr
946 2021 1082 2099 luimus,

76 2110 102 2169 si
123 2107 195 2168 illud
218 2124 276 2167 ιιοιι
293 2107 477 2205 lingeremus.
520 2105 706 2186 Περίφρασις
729 2105 842 2165 etiamsi
862 2104 1033 2184 frequenter
1055 2111 1112 2166 eto

75 2192 129 2254 id
120 2208 229 2271 rpsum,
250 2193 278 2250 in
302 2193 382 2250 cuius
398 2190 494 2251 locum
510 2191 679 2291 assmuitur,
699 2206 804 2250 nomen
823 2189 979 2289 complecti
994 2189 1083 2266 solet,

76 2277 164 2336 utitur
181 2284 276 2334 tamen
294 2274 423 2351 pluribus
438 2291 492 2354 pro
508 2291 576 2334 uno.
614 2265 783 2351 Έιιίθειον,
807 2276 942 2353 quoniam
958 2273 1083 2352 plerum·

77 2377 135 2438 que
150 2360 366 2419 antonomasiae
382 2376 450 2439 pars
467 2367 527 2434 est,
552 2360 754 2419 coniunctione
771 2360 834 2417 eius
852 2358 883 2418 fit
899 2368 1011 2436 tropus
1051 2356 1084 2418 In

75 2441 238 2522 hyperbato
255 2442 439 2504 commutatio
455 2451 501 2504 est
522 2442 646 2519 ordinis,
668 2443 794 2522 ideoque
815 2442 897 2503 multi
916 2444 1008 2522 tropis
1025 2442 1084 2504 hoc

75 2543 170 2607 genus
193 2526 327 2586 eximunt.
375 2525 526 2587 Transfert
553 2535 647 2587 tamen
670 2526 790 2587 verbum
816 2535 865 2586 aut
886 2536 997 2604 partem
1020 2528 1083 2586 eius

77 2626 164 2672 usuc
180 2609 247 2670 loco
268 2612 297 2670 in
311 2609 444 2671 alienum.
489 2610 598 2671 llorum
613 2609 683 2670 nihil
698 2612 726 2669 in
747 2609 856 2686 ligures
881 2609 967 2669 cadit.
1011 2608 1111 2674 Namt

77 2703 107 2756 et
133 2695 260 2773 propriis
292 2694 389 2774 verbis
415 2704 445 2754 et
468 2694 568 2754 ordine
595 2692 748 2754 collocatis
770 2692 863 2769 ligura
887 2691 951 2752 lieri
974 2701 1081 2772 potest.

77 2777 233 2852 Quomodo
248 2786 344 2838 autem
358 2780 451 2842 ironia
466 2778 522 2838 alia
534 2780 572 2836 sit
582 2778 659 2856 tropi
674 2775 730 2837 alia
745 2775 928 2854 schematos,
947 2794 1000 2836 suo
1015 2777 1083 2837 loco

76 2861 206 2922 reddam.
247 2860 359 2922 Nomen
375 2864 449 2922 enim
465 2862 562 2922 fateor
576 2878 643 2920 esse
658 2876 824 2937 commuue,
851 2869 881 2921 et
896 2861 976 2937 scio,
1000 2878 1085 2942 quam

76 2945 269 3026 multiplicem
299 2945 424 3007 habeant
447 2961 589 3025 quamque
616 2943 818 3023 scrupulosam
845 2942 1082 3024 disputationem

77 3028 132 3090 sed
153 3047 188 3090 ea
208 3047 267 3090 non
289 3031 415 3109 pertinet
436 3030 633 3108 adpraesens
656 3045 750 3088 meum
769 3030 962 3108 propositum.
1007 3027 1084 3088 Nthl

78 3115 154 3174 enim
168 3113 277 3190 refert,
295 3114 441 3193 quomodo
457 3112 623 3192 appelletur
639 3110 805 3188 utrumlibet
820 3130 936 3190 eorum,
953 3113 993 3188 si,
1016 3111 1088 3191 quid¹

78 3199 203 3258 orationi
220 3199 329 3276 prosit,
351 3207 482 3296 apparet.
527 3196 591 3257 Nec
605 3205 729 3257 mutatur
749 3194 900 3258 vocabulis
915 3198 960 3256 vis
976 3211 1081 3255 rerum.

77 3279 116 3342 Et
130 3281 205 3341 sicut
219 3280 367 3358 homines,
384 3300 410 3341 ει
402 3281 501 3341 aliud
516 3289 710 3360 acceperunt,
727 3298 811 3359 quam
822 3280 899 3360 quod
913 3279 1112 3354 habuerant,8

79 3382 200 3465 nomen,
227 3365 313 3426 iidem
335 3374 401 3425 sunt
428 3375 542 3426 tamen:
564 3367 604 3425 ita
623 3364 713 3441 haec,
739 3365 776 3425 de
800 3364 904 3445 quibus
928 3363 1082 3460 loquimur,

79 3449 143 3509 sire
167 3450 244 3528 tropi
266 3451 329 3509 sive
350 3449 461 3528 figurae
481 3448 628 3525 dicentur,
650 3447 726 3508 idem
746 3447 883 3508 efficient.
928 3444 994 3506 Non
1009 3445 1084 3506 enim
