2408 3854
376 138 804 210 rnsr.onnron.mn.rr,t.
1020 130 1079 194 183

75 295 253 361 difficultas?
284 297 412 360 Periisse
442 297 576 376 proiecto
604 297 796 358 confitendum
828 305 872 357 est
894 295 1080 376 praeteritum

76 384 223 459 laborem,
247 385 292 444 cui
315 399 432 460 semper
446 381 523 441 idem
538 381 725 442 laborandum
744 391 798 442 est·
830 381 933 460 Neque
951 398 1008 459 ego
1024 382 1081 442 hoc

75 485 146 545 ago,
163 477 193 526 ut
209 486 245 526 ex
263 476 396 546 tempore
411 464 512 525 dicere
525 465 604 525 malit
620 465 673 526 sed
687 474 718 525 ut
730 467 835 545 possit.
866 463 898 526 ld
915 474 1009 525 autem
1023 469 1081 527 ma·

77 555 155 611 xime
171 551 229 610 hoo
244 550 331 610 modo
348 566 570 627 consequemur.

159 675 235 736 Nota
251 677 288 735 sit
309 675 429 752 primum
445 672 559 736 dicendi
575 677 632 735 via.
668 673 773 752 Neque
787 676 861 735 enim
876 676 956 753 prius
973 675 1112 738 contin-5

73 779 147 837 gere
166 777 270 819 cursus
282 766 477 836 potestqoam
489 760 652 835 scierimus,
669 774 727 837 quo
743 759 780 818 sit
795 768 824 818 et
839 776 894 837 qua
910 759 1083 837 pervenien-

75 845 151 904 dum.
180 841 244 902 Neo
265 843 336 901 satis
348 850 393 901 est
407 857 465 900 non
478 841 616 920 ignorare
631 860 706 921 quae
722 851 788 902 sunt
803 860 953 903 cansarum
965 842 1083 903 indicia·
1109 843 1112 851 ‘

75 927 144 986 lium
160 934 271 1005 partes,
288 934 336 985 ant
352 926 554 1004 quaestionum
570 927 699 987 ordinem
714 935 797 1006 recte
811 926 979 1005 disponere,
995 943 1084 1006 quau·

75 1028 160 1089 quam
177 1012 232 1069 ista
248 1011 303 1068 sint
318 1011 491 1088 praecipua:
520 1009 573 1070 sed
594 1010 662 1089 qnid
683 1026 801 1089 quoque
822 1009 891 1070 loeo
912 1012 1033 1089 primum
1048 1012 1086 1071 sit

73 1112 109 1153 ac
125 1094 284 1154 secundum
299 1103 329 1154 et
344 1092 498 1172 deinceps;
523 1112 597 1173 quae
619 1095 658 1154 ita
681 1103 747 1153 sunt
760 1103 862 1154 natura
878 1093 1032 1173 copulata,
1055 1103 1086 1154 nt
1143 1133 1146 1145 ι

75 1179 177 1237 mutari
194 1187 242 1238 aut
258 1177 405 1260 intervelli
427 1179 490 1238 sine
515 1178 686 1238 confusione
713 1178 915 1257 nonpossint.
947 1177 1113 1255 Quisqnisfi

74 1270 170 1321 autem
188 1262 235 1321 via
251 1260 345 1337 dicet,
370 1260 492 1322 ducetur
506 1271 573 1322 ante
588 1264 682 1323 omnia
701 1280 798 1321 rerum
819 1263 883 1340 ipsa
906 1262 984 1321 serie
1005 1261 1086 1320 velut

73 1345 165 1413 duce;
183 1354 306 1424 propter
321 1344 398 1424 quod
410 1346 541 1406 homines
558 1347 643 1406 etiam
652 1346 767 1407 modice
779 1347 931 1417 exercitati
946 1343 1085 1404 facillime

75 1439 208 1489 tenorem
223 1431 252 1488 in
266 1429 478 1490 narrationibus
495 1439 622 1491 servant.
658 1428 782 1506 Deinde,
800 1427 868 1508 quid
884 1444 1000 1508 quoque
1016 1427 1085 1488 loco

76 1520 234 1590 quaerant,
257 1514 366 1590 scient,
389 1532 444 1574 nec
462 1513 744 1593 circumspectabunt
766 1531 821 1573 uec
841 1511 1030 1576 offerentibus
1052 1530 1086 1572 se

75 1597 192 1656 aliunde
211 1595 345 1656 sensibus
363 1597 553 1657 tnrbabuntur
567 1616 622 1658 nec
636 1597 813 1657 confundent
831 1615 868 1656 err
880 1597 1003 1658 diversis
1021 1614 1086 1657 ora·

75 1682 183 1740 tionem
212 1680 293 1740 velut
322 1680 461 1741 salientes
487 1681 543 1741 lma
569 1681 641 1742 illuc
661 1696 724 1741 'nec
755 1698 876 1760 nsquam
905 1682 1084 1741 insistentes.

75 1763 227 1823 Postremo
244 1764 391 1825 habebunt
406 1766 520 1826 modum
538 1773 568 1824 et
584 1765 685 1839 linem,
710 1766 758 1843 qni
780 1782 848 1823 esse
872 1765 944 1824 citra
967 1764 1113 1829 divisio-7

75 1865 141 1906 aem
161 1847 257 1908 nullus
287 1857 395 1928 potest.
440 1847 574 1927 Expletis
603 1865 657 1928 pro
678 1847 817 1907 laenitate
839 1846 986 1922 omnihus,
1009 1865 1085 1926 quae

76 1934 294 2010 proposuerint,
312 1934 485 2010 pervenisse
498 1950 531 1992 se
546 1932 582 1993 ad
597 1931 724 1991 ultimum
741 1933 875 1991 sentient.

161 2055 197 2117 lit
212 2058 286 2119 lraec
301 2058 416 2137 quidem
432 2075 469 2117 ex
485 2067 565 2134 arte,
582 2057 632 2118 illa
647 2075 719 2118 vero
737 2075 774 2117 err
791 2055 901 2118 studio:
925 2064 956 2115 nt
972 2056 1085 2135 copiam

76 2143 219 2201 sermonis
229 2143 340 2222 optimi,
355 2142 592 2221 quemadmodum
603 2150 793 2222 praeceptum
805 2148 860 2217 est,
868 2156 1084 2219 comparemus3

75 2225 165 2285 multo
182 2243 216 2286 ac
233 2226 311 2287 lideli
325 2227 393 2287 stilo
409 2227 453 2286 sic
469 2225 610 2287 formetur
627 2227 738 2302 oratio,
760 2233 791 2285 ut
808 2225 984 2303 scriptorum
1001 2223 1085 2284 colo·

77 2328 137 2370 rem
161 2311 246 2370 etiam
270 2329 345 2390 quae
367 2309 463 2370 subito
480 2310 577 2371 effusa
600 2313 656 2370 sint
676 2310 815 2378 reddaut;
842 2318 889 2385 ut,
911 2325 976 2368 cum
997 2306 1085 2367 multa

75 2395 292 2471 scripserimus,
310 2396 396 2456 etiam
410 2394 499 2455 multa
514 2395 652 2455 dicamus.
676 2393 748 2455 Nam
762 2391 942 2454 consuetudo
956 2401 985 2452 et
1001 2409 1084 2450 exer·
1096 2399 1117 2454 8.

78 2479 177 2537 citatio
195 2477 364 2538 facilitatem
379 2480 502 2539 maxime
520 2481 610 2557 parit;
632 2497 708 2558 quae
723 2481 747 2538 si
762 2476 909 2556 paululum
923 2476 1087 2535 intermissa

78 2559 183 2619 luerit:
200 2577 258 2620 uou
271 2561 414 2622 velocitas
429 2562 480 2622 illa
495 2563 581 2624 modo
596 2562 735 2637 tardatur,
751 2561 803 2620 sed
814 2562 909 2638 ipsum
919 2575 955 2617 us
970 2573 1087 2636 quoque

79 2643 236 2702 concurrit.
271 2643 439 2722 Quanquam
454 2646 529 2705 enim
544 2662 618 2724 opus
635 2653 681 2704 est
696 2643 819 2705 naturali
837 2639 958 2721 quadam
974 2638 1087 2701 mobili·

78 2734 138 2786 tate
154 2727 248 2803 animi,
265 2736 306 2804 ut,
328 2727 393 2810 dum
408 2730 540 2807 proxima
555 2729 691 2805 dicimus,
709 2737 823 2787 struere
838 2725 978 2786 ulteriora
992 2726 1088 2804 possi·

76 2828 152 2886 mus,
170 2829 345 2891 semperque
361 2821 489 2872 nostram
503 2829 608 2874 vocem
622 2812 741 2891 provisa
760 2819 790 2871 et
810 2810 931 2870 formata
948 2808 1088 2888 cogitatio

79 2895 223 2973 excipiat:
239 2897 288 2956 vix
302 2903 398 2956 tamen
413 2904 461 2956 aut
475 2905 576 2957 natura
592 2904 640 2956 ant
656 2896 731 2956 ratio
746 2896 775 2955 in
790 2902 846 2955 tam
859 2891 1012 2973 multiplex
1024 2891 1118 2954 ctu-o

79 2979 155 3037 cium
170 2977 308 3040 diducere
324 2981 446 3041 animum
464 2989 562 3058 queat,
577 2988 609 3041 ut
626 2980 794 3055 inventioni,
812 2978 1007 3057 dispositioni,
1025 2975 1087 3037 elo·

82 3062 200 3139 cationi,
220 3064 312 3125 ordini
326 3082 423 3125 rerum
436 3063 662 3145 verborumque,
677 3073 735 3123 tum
750 3063 803 3140 iis,
819 3080 894 3142 quae
909 3061 995 3139 dicit,
1012 3078 1088 3140 quae

80 3143 286 3207 subiuncturus
300 3158 361 3225 est,
387 3166 462 3227 quae
483 3147 558 3210 ultra
579 3147 738 3228 spectanda
753 3156 835 3223 sunt,
850 3145 978 3208 adhibita
992 3144 1089 3220 vocis,

80 3231 338 3307 pronuntiationis,
361 3241 462 3311 gestus
484 3231 708 3308 observatione,
732 3249 788 3292 una
810 3230 945 3291 sufficiat.
988 3225 1133 3306 Longeto

81 3313 157 3372 enim
176 3314 335 3392 praecedat
358 3325 475 3395 oportet
497 3317 617 3377 intentio
644 3334 679 3378 ac
693 3333 765 3395 prae
783 3334 817 3376 se
830 3333 880 3375 res
895 3321 979 3392 agat,
999 3328 1088 3391 quau·

81 3406 199 3476 tumque
214 3399 338 3460 dicendo
355 3403 541 3479 eonsumitur,
556 3410 663 3463 tantum
678 3418 717 3461 ex
727 3398 828 3460 ultimo
839 3404 1030 3479 prorogetun
1046 3403 1092 3468 ut,
