2408 3854
146 201 205 263 ibo
464 213 500 259 n.
516 211 594 258 aas.
612 209 833 270 cornutorum

145 378 174 428 et
190 367 311 444 contigit
328 374 489 444 utrumque.
520 362 606 438 Quod
621 381 679 424 non
696 365 893 438 inseruissem,
910 363 1021 422 veritus
1037 363 1150 441 opinio·

145 471 209 512 nem
226 451 397 526 iactantiae,
420 449 473 507 nisi
490 446 616 526 probare
634 448 804 522 voluissem,
821 449 849 506 in
865 446 930 506 foro
948 462 1065 525 quoque
1082 463 1151 506 esse

100 537 188 602 tobis
204 535 303 612 liguris
319 534 424 593 locum.
457 529 605 604 Quaedam
621 535 718 606 etiam,
738 549 812 610 quae
825 528 951 608 probare
967 547 1025 590 non
1041 533 1150 610 possis,

144 621 236 697 ligura
252 620 347 697 potius
364 614 529 695 spargenda
553 624 627 674 sunt.
660 615 769 675 Haeret
793 616 867 674 enim
891 630 1093 693 nonnunquam
1107 624 1151 676 te-

143 703 281 763 lumillud
293 700 453 775 occultum
471 708 500 759 et
511 700 569 759 hoc
580 701 663 778 ipso
681 698 758 778 quod
773 715 831 759 non
842 708 975 777 apparet
992 700 1078 759 eximi
1094 717 1152 760 non

143 795 257 866 potest;
275 785 387 845 aridem
402 783 482 843 dicas
498 783 607 862 palam:
625 792 654 843 et
670 782 833 843 defenditur
850 791 878 842 et
897 782 1075 861 probandum
1094 793 1151 842 est

101 881 135 936 76
228 867 299 938 cunr
329 877 423 928 autem
457 866 554 928 obstat
585 866 670 927 nobis
698 883 881 946 personae
911 869 1151 946 reverentia,

144 953 238 1033 (quod
259 951 416 1013 secundum
445 952 594 1030 posuimus
623 952 738 1032 genus)
761 960 840 1011 tanto
863 953 974 1011 cautius
996 950 1151 1012 dicendum

144 1047 199 1113 est,
216 1046 322 1116 quanto
342 1034 465 1096 validius
486 1035 581 1095 bonos
603 1035 712 1096 inhibet
734 1035 827 1113 pudor
850 1053 935 1114 quam
956 1043 1060 1095 metus.
1097 1034 1153 1095 llic

142 1138 214 1182 vero
231 1131 335 1199 tegere
350 1137 403 1180 nos
427 1119 529 1195 iudex,
554 1119 632 1198 quod
649 1121 790 1195 sciamus,
817 1128 847 1179 et
867 1119 958 1179 verba
975 1121 1003 1179 vi
1028 1119 1152 1216 quadam

142 1207 273 1265 veritatis
294 1205 475 1282 erumpentia
508 1203 608 1263 credat
633 1221 785 1264 coercere.
835 1202 908 1262 Nam
930 1212 1036 1281 quanto
1058 1204 1152 1263 minus

144 1298 192 1349 aut
207 1290 274 1368 ipsi,
291 1290 320 1347 in
340 1304 413 1366 quos
430 1286 567 1362 dicimus,
589 1296 638 1347 aut
660 1287 770 1347 iudices
786 1296 835 1349 aut
850 1288 1021 1347 assistentes
1037 1286 1153 1347 oderint

101 1373 217 1433 *libano
233 1369 425 1432 maledicendi
441 1371 606 1447 lasciviam,
631 1389 655 1430 sr
649 1372 751 1432 velle
767 1389 820 1431 nos
839 1367 980 1431 credant?
1008 1370 1066 1430 Aut
1082 1370 1153 1450 quid

143 1460 276 1530 interest,
294 1455 440 1534 quomodo
456 1453 578 1529 dicatur,
597 1472 661 1515 cum
675 1465 704 1515 et
718 1474 767 1515 res
787 1463 817 1516 et
832 1456 943 1514 animus
957 1450 1152 1532 intelligitur?

145 1540 220 1613 Quid
237 1539 359 1598 dicendo
376 1538 501 1617 denique
523 1538 709 1617 proficimus,
730 1541 785 1598 nisi
805 1547 836 1598 ut
854 1538 949 1617 palam
971 1539 1025 1614 sit,
1049 1538 1152 1599 lacere

143 1641 208 1699 nos,
225 1622 303 1702 quod
319 1623 374 1701 ipsi
389 1622 512 1682 sciamus
524 1639 582 1682 non
598 1640 666 1682 esse
683 1620 869 1682 iaciendum?
891 1623 980 1700 Atqui
991 1623 1153 1701 praecipue

143 1709 245 1785 prima,
264 1706 366 1786 quibus
382 1708 557 1785 praecipere
573 1724 746 1786 coeperam,
763 1716 895 1785 tempora
910 1706 967 1767 lroc
982 1707 1053 1766 vitio
1068 1706 1152 1767 labo-

144 1799 251 1850 rarunt.
291 1788 435 1850 Dicebant
459 1792 534 1850 enirn
552 1790 678 1851 libenter
713 1791 787 1851 tales
813 1792 1048 1868 controversias,
1075 1808 1152 1870 quae

101 1875 320 1940 isdiilicultatis
337 1875 430 1952 gratia
446 1874 580 1953 placent,
604 1894 669 1936 eum
691 1877 748 1935 sint
768 1875 858 1935 multo
880 1874 1041 1935 faciliores.
1078 1874 1152 1935 Nam

142 1968 252 2019 nectum
267 1977 360 2037 genus
375 1957 531 2037 approbari
546 1961 601 2020 nisi
615 1961 743 2020 maximis
754 1958 864 2019 viribus
878 1976 935 2019 non
946 1968 1060 2037 potest:
1077 1959 1153 2019 baec

144 2042 323 2104 deverticula
339 2051 368 2102 et
382 2043 529 2102 anfractus
544 2042 667 2120 suffugia
682 2051 747 2103 sunt
759 2043 946 2119 infirmitatis,
957 2052 989 2103 ut
1000 2044 1049 2122 qui
1064 2060 1152 2103 cursu

144 2144 243 2206 parum
260 2127 369 2201 valent,
384 2126 462 2186 deiru
477 2126 606 2202 eludunt,
625 2127 782 2203 cumbaec,
801 2145 875 2205 quaa
892 2127 1055 2203 affectatur,
1069 2128 1150 2186 ratio

143 2212 349 2270 sententiarum
369 2226 426 2269 non
440 2211 576 2288 procula
596 2213 708 2271 ratione
729 2210 843 2272 iocandi
864 2210 1030 2272 abhorreat.
1061 2209 1150 2270 Adiu—

144 2302 192 2353 vat
211 2296 311 2369 etiam,
328 2294 405 2371 quod
425 2293 538 2353 auditor
553 2295 661 2371 gaudet
674 2295 858 2373 intelligere,
884 2304 913 2355 et
932 2296 1012 2356 lavet
1031 2296 1150 2372 ingenio

103 2385 196 2441 79suo
214 2377 314 2437 etalio
335 2379 451 2438 dicente
469 2396 502 2437 se
520 2378 626 2439 laudat.
658 2379 759 2458 ltaque
775 2396 832 2439 non
847 2378 956 2454 solum,
978 2381 1003 2439 si
1019 2395 1150 2458 persona

144 2460 275 2521 obstaret
290 2470 388 2521 rectae
402 2462 540 2538 orationi,
563 2462 642 2542 (quo
658 2465 686 2523 in
700 2481 812 2541 genere
828 2465 946 2542 saepius
963 2462 1050 2523 modo
1065 2481 1151 2542 mam

144 2546 243 2622 figuris
260 2562 333 2623 opus
351 2547 411 2625 est)
429 2544 622 2607 decurrebant
636 2547 670 2608 ad
681 2548 840 2623 schemata,
859 2546 913 2606 sed
929 2545 1076 2615 iaciebant
1091 2546 1150 2607 illis

145 2630 240 2689 locum
256 2631 351 2705 etiam,
367 2629 415 2688 nbi
432 2629 548 2690 inutiles
564 2648 599 2690 ac
613 2631 742 2692 nefariae
758 2640 874 2691 essent:
894 2639 925 2690 ut
939 2631 965 2690 si
979 2639 1081 2709 pater,
1101 2632 1150 2710 qui

144 2713 277 2773 infamem
291 2714 319 2772 in
333 2722 453 2773 matrem
470 2714 557 2774 lilium
572 2724 690 2775 secreto
707 2716 881 2790 occidisset,
898 2732 965 2775 reus
982 2713 1077 2775 malae
1092 2723 1149 2775 tra·

103 2798 279 2859 sacrationis
295 2797 470 2857 iacularetur
479 2800 508 2857 in
517 2816 639 2858 uxorem
654 2797 779 2876 obliquis
795 2801 956 2859 sententiis.
990 2797 1063 2858 Nam
1081 2796 1150 2877 quid

145 2881 291 2958 impurius,
313 2898 396 2980 quam
410 2883 565 2942 retinuisse
576 2879 685 2942 taleml
707 2881 782 2957 Quid
794 2892 950 2961 porratam
963 2885 1149 2959 contrarium,

146 2982 229 3043 quam
247 2982 321 3039 eum,
339 2966 387 3043 qui
402 2974 572 3042 accusetur,
590 2967 656 3044 quia
672 2983 810 3025 summum
832 2967 915 3026 neias
930 2969 1097 3045 suspicatus
1112 2966 1150 3026 da

145 3063 237 3106 uxore
253 3047 402 3124 videatur,
429 3051 600 3109 confirmare
615 3049 667 3108 id
659 3067 721 3128 ipsa
737 3049 925 3126 delensione,
944 3051 1022 3129 quod
1037 3049 1149 3112 diluen-

145 3131 209 3190 dum
226 3125 292 3191 esti
326 3131 365 3189 m
388 3133 412 3190 si
436 3133 559 3193 iudicum
581 3141 727 3192 sumerent
751 3136 891 3195 animum:
914 3136 1040 3210 scirent,
1064 3152 1150 3213 quam

145 3215 285 3276 eiusmodi
300 3217 444 3274 actionem
457 3216 542 3276 laturi
556 3232 613 3275 non
626 3216 762 3285 fuissent;
778 3218 928 3297 multoque
944 3221 1029 3279 etiam
1044 3221 1150 3296 minus,

102 3307 136 3361 81
146 3318 208 3359 cum
225 3301 253 3358 in
267 3307 405 3378 parentes
421 3298 609 3360 abominanda
631 3302 747 3361 crimina
771 3312 987 3380 spargerentur
1025 3301 1149 3381 litqua·

147 3392 230 3442 tenus
232 3373 483 3459 buoincidimus,
506 3383 594 3462 paulo
617 3385 683 3463 plus
705 3384 815 3445 scholis
839 3386 950 3447 demus.
985 3384 1059 3447 Nam
1075 3396 1105 3447 et
1122 3387 1156 3446 in·

143 3466 189 3526 bis
206 3465 345 3526 educatur
359 3476 474 3544 orator,
495 3469 550 3527 et
542 3487 569 3526 m
585 3485 637 3544 eo,
656 3468 801 3547 pomodo
816 3469 1004 3549 declamatur,
1021 3472 1170 3550 positam·
