2408 3854
158 179 216 244 162
461 195 497 242 u.
520 194 599 241 unu.
623 192 843 253 ouuuuuusur

154 356 288 426 quantum
307 345 343 406 ab
364 347 423 407 illis
443 356 550 408 tantum
571 347 607 406 ab
627 346 747 407 Horatio
768 347 923 423 dissentio,
950 349 999 427 qui
1019 348 1161 412 Lucilium

152 431 249 510 liuere
270 431 446 492 lutulentum
469 439 498 490 et
518 449 586 513 ease
600 432 737 509 aliquid,
760 430 842 508 quod
856 432 960 492 tollere
972 435 1091 512 possis,
1106 453 1160 513 pu-

153 524 203 575 tat.
243 514 315 574 Nam
330 514 452 574 eruditio
473 516 502 574 iu
517 531 553 574 eo
566 515 636 574 mira
652 523 682 574 et
697 513 816 573 libertas
828 522 915 592 utque
931 515 997 576 iudo
1013 517 1162 577 acerbitas

153 608 182 658 et
206 597 377 658 abundantia
402 597 481 657 solis.
528 590 648 658 lllultum
677 606 722 656 est
741 598 854 657 tersior
881 614 916 657 ac
947 615 1035 677 purus
1067 602 1161 677 magis

151 683 326 742 Horatius
353 690 398 756 et,
420 697 478 740 uon
499 680 583 741 labor
605 682 667 740 eius
685 697 800 756 amore,
822 680 1009 760 praecipuus.
1040 681 1161 744 Multum

152 776 181 826 et
196 782 285 825 verae
301 762 415 842 gloriae
436 766 565 842 quamvis
588 781 645 824 uuo
668 762 742 824 libro
762 764 915 824 Persius
935 767 1049 825 meruit.
1088 769 1161 826 Sunt

107 849 223 913 auctari
241 848 387 925 hodieque
403 856 433 907 et
449 849 499 925 qui
514 847 582 907 olim
593 846 821 908 nominabuntur.
849 846 980 908 Alterum
992 849 1063 909 illud
1074 852 1161 910 etiam

151 934 231 1011 prius
248 933 354 991 satirae
370 948 464 1009 genus
479 930 532 991 sed
554 948 611 991 uon
627 931 691 991 sola
713 932 868 993 carminum
883 932 1025 992 varietate
1042 934 1161 993 mixtum

151 1013 279 1075 condidit
293 1012 496 1075 Terentius
511 1014 644 1089 Varro,
668 1016 713 1074 uir
729 1013 924 1074 Romanorum
939 1015 1161 1076 eruditissimus.

150 1099 291 1159 Plurimos
312 1099 361 1158 laic
384 1099 476 1160 libros
500 1108 530 1158 et
553 1097 738 1158 doctissimos
759 1099 946 1177 composuit,
967 1101 1161 1178 peritissimus

150 1184 266 1261 linguae
291 1182 408 1243 Latinae
433 1190 462 1242 et
492 1183 583 1242 omnis
610 1182 785 1259 antiquitatis
811 1189 841 1241 et
865 1198 962 1241 rerum
983 1181 1161 1244 Graecarum

148 1276 381 1345 nostrarumque,
399 1266 466 1345 plus
482 1274 577 1326 tumen
592 1266 731 1326 scientiae
743 1265 903 1325 collaturus
918 1283 1002 1343 quarn
1018 1265 1160 1346 eloquen-

107 1353 216 1417 96tiae.
255 1348 400 1411 Iambus
422 1366 481 1409 uon
506 1366 576 1409 saue
598 1367 615 1408 a
635 1348 771 1409 Romanis
794 1348 959 1410 celebratus
981 1358 1075 1410 estut
1091 1367 1159 1429 pro·

149 1435 241 1512 prium
262 1450 352 1512 opus,
376 1432 546 1512 quibusdam
567 1434 772 1512 interpositue;
794 1434 874 1492 cuius
890 1431 1035 1492 acerbitas
1050 1435 1078 1492 in
1095 1432 1159 1493 Ca·

149 1516 264 1592 tullo,
285 1516 484 1592 Bibaculo,
501 1515 675 1592 Horatio,
700 1532 862 1595 quanquam
880 1515 923 1575 illi
941 1516 1054 1594 epodos
1072 1518 1159 1576 inter-

148 1601 262 1674 veniat,
286 1601 460 1677 reperietur.
497 1600 536 1659 At
556 1599 774 1675 Lyricorum
795 1599 878 1659 idem·
894 1598 1073 1660 Horatius
1095 1600 1159 1661 iere

149 1683 230 1743 solus
248 1682 307 1760 legi
324 1683 438 1760 diguus.
476 1682 548 1743 Nam
571 1692 606 1743 et
621 1685 743 1759 insurgit
767 1681 921 1761 aliquando
948 1692 978 1742 at
992 1682 1098 1761 plenus
1114 1692 1159 1744 est

149 1765 332 1827 iucunditatis
355 1777 384 1828 et
404 1768 515 1844 gratiae
538 1776 568 1826 et
586 1767 675 1826 uariis
695 1764 799 1843 liguris
820 1775 849 1825 et
874 1765 972 1825 verbis
988 1765 1158 1828 felicissime

150 1850 253 1911 audax.
292 1851 324 1911 Si
347 1868 433 1929 quem
453 1851 581 1911 adiicere
598 1850 689 1925 velis,
711 1851 736 1909 is
753 1851 808 1909 erit
823 1846 981 1908 Caesius
998 1849 1156 1927 Bassus,

150 1952 234 2014 quem
250 1951 343 2014 nuper
355 1935 492 2002 vidimns;
516 1933 569 1995 sed
594 1951 658 1992 cum
680 1933 769 2009 louge
791 1933 971 2011 praecedunt
985 1933 1102 2010 ingenia
1116 1937 1157 1993 ui.·.

107 2019 283 2078 bisentium.
319 2016 560 2095 'tragoediae
582 2019 744 2096 scriptores
764 2025 895 2076 vetemm
914 2015 1044 2076 Attius
1070 2026 1159 2095 atque

149 2102 327 2163 Pacuvius
348 2101 500 2162 clarissimi
515 2103 658 2178 gravitate
673 2100 893 2175 sententiarum,
915 2099 1071 2160 uerborum
1086 2117 1157 2178 pou-

149 2186 236 2254 dere,
259 2187 432 2245 auctoritate
454 2201 654 2263 personarum.
690 2180 824 2243 Getarum
844 2185 921 2243 nitor
944 2192 974 2243 et
996 2199 1105 2244 summa
1130 2186 1158 2243 in

150 2267 320 2329 excolendis
345 2267 484 2346 operibus
511 2285 610 2329 manus
630 2268 723 2344 magis
745 2267 837 2328 videri
859 2275 958 2346 potest
976 2268 1158 2345 temporibus

150 2368 234 2429 qnam
247 2351 319 2429 ipsis
337 2351 477 2412 defuisse.
516 2350 626 2411 Virinm
647 2358 742 2411 tamen
757 2350 837 2410 Attio
853 2350 919 2430 plus
934 2349 1083 2418 tribuitur;
1104 2351 1157 2412 Pa·

148 2437 262 2495 curium
283 2435 375 2497 videri
398 2434 576 2509 doctiorem,
601 2436 649 2512 qui
664 2450 738 2518 psse
763 2435 841 2495 docti
862 2434 1015 2509 auectam,
1043 2434 1155 2495 uolunt.

105 2518 206 2581 981am
227 2518 332 2579 Vorii
356 2518 500 2595 Thyestes
524 2517 642 2579 cuilibet
667 2517 841 2578 Graecarum
862 2519 1024 2596 comparari
1045 2525 1155 2595 potest.

149 2601 271 2664 Ovidii
287 2601 392 2664 bledea
407 2603 520 2663 videtur
531 2601 598 2662 mrlri
612 2602 778 2676 ostendere,
797 2608 932 2681 quantum
944 2599 996 2660 ille
1009 2601 1055 2660 vir
1071 2617 1157 2678 prae·

148 2695 228 2747 sture
244 2689 388 2765 potuerit,
411 2689 437 2747 si
460 2688 576 2764 ingenio
596 2702 650 2746 suc
672 2687 816 2763 imperare
832 2702 915 2763 quum
930 2683 1083 2761 indulgere
1097 2702 1156 2745 mn·

148 2770 260 2829 luisset.
297 2768 406 2830 Eorum
428 2786 502 2848 quos
521 2769 642 2829 viderim
664 2768 753 2846 louge
776 2770 913 2848 princeps
934 2767 1156 2846 Pomponius
1188 2828 1197 2843 ,

149 2853 358 2928 Secundus,
379 2872 464 2932 quem
483 2851 707 2931 senes‘quidem
726 2869 826 2931 pamm
848 2852 990 2928 tragicum
1005 2850 1154 2929 putabant,

103 2943 141 2998 99
149 2935 310 2996 eruditione
325 2955 360 2997 ac
375 2939 468 2999 nitore
483 2945 636 3016 praestare
651 2934 869 2996 confitebantur.
906 2933 937 2994 ln
963 2935 1155 3014 comoedia

149 3019 274 3078 maxime
296 3019 503 3096 claudicamus,
520 3021 589 3080 licet
602 3018 698 3079 Vurro
714 3016 835 3094 Murus,
857 3017 935 3078 Aelii
953 3017 1074 3078 Stilonis
1089 3036 1154 3078 seu·

149 3103 256 3178 tentia,
277 3100 416 3166 Plautino
438 3103 515 3164 dicat
527 3121 666 3165 sermone
684 3105 842 3165 locuturos
860 3102 974 3181 fauces,
999 3102 1030 3163 oi
1044 3099 1158 3165 Latius

147 3187 231 3266 loqui
256 3187 384 3261 uellem,
413 3186 483 3247 licet
509 3185 711 3247 Caecilium
742 3194 861 3246 veteres
889 3180 1023 3246 laudons
1049 3184 1152 3260 ierant,

148 3266 221 3331 licet
238 3268 405 3330 Terentii
428 3272 536 3350 scripta
558 3270 594 3330 ad
609 3270 776 3348 Scipionem
790 3268 959 3330 Africanum
972 3267 1152 3333 referantur:

149 3370 224 3432 quae
240 3362 336 3413 tamen
356 3361 422 3414 suut
441 3355 470 3413 in
493 3353 550 3414 boc
568 3371 679 3431 genero
699 3352 914 3430 elegantissima
936 3360 965 3411 et
978 3350 1045 3430 plns
1059 3350 1154 3415 adbuc

108 3436 295 3508 loolrabitnra
317 3439 444 3514 gratiae,
470 3439 495 3496 si
521 3439 593 3497 intra
611 3454 714 3496 versus
734 3437 880 3499 trimetros
901 3435 1062 3497 stetissent.
1096 3433 1156 3495 Vix
