2408 3854
154 195 216 255 212
472 204 835 264 marcomannorum

110 371 181 426 ittet
199 361 278 423 clara
298 369 328 421 et
343 360 457 420 obtusa.
490 358 615 437 Spiritus
631 357 715 418 etiam
736 358 853 435 longior
868 358 1053 440 breviorque.
1092 363 1159 426 Nee

152 463 266 520 causas,
283 463 334 504 cur
349 443 476 522 quidque
491 458 591 503 eorum
606 442 728 517 accidat,
745 444 883 521 persequi
898 447 1052 524 proposito
1073 451 1159 526 operi

150 529 348 591 necessarium
363 536 424 588 est:
447 543 584 585 eorumne
601 527 638 585 sit
654 525 833 601 differentia,
855 527 883 586 in
900 527 1003 606 quibus
1019 548 1089 591 aura
1105 532 1158 592 illa

152 613 329 692 concipitur,
346 629 382 671 an
399 626 510 685 eorum,
528 626 582 687 per
597 626 672 688 quae
687 608 768 670 velut
781 626 890 686 organa
904 620 997 680 meat;
1014 615 1071 692 ipsi
1088 632 1157 692 pro·

150 699 213 776 pria
228 705 346 770 natura,
370 712 406 754 an
420 702 508 772 prout
523 700 670 760 moretum
688 692 787 753 lateris
804 696 973 772 pectorisve
988 695 1105 758 iirmitas
1120 717 1158 760 an

151 779 253 859 capitis
272 779 357 838 etiam
372 777 439 856 plus
460 778 585 837 adiuvet.
617 774 691 837 Nam
706 793 781 854 opus
796 786 843 838 est
864 778 994 839 omnibus
1010 781 1086 840 sicut
1099 799 1158 841 non

150 865 210 923 oris
224 861 311 922 modo
332 862 474 921 suavitate
489 860 542 921 sed
559 861 668 920 narium
683 877 819 939 quoque,
836 878 890 939 per
907 879 993 940 quas,
1013 865 1091 942 quod
1109 884 1156 925 su·

149 955 250 1026 pereat
265 945 364 1020 vocis,
381 945 519 1022 egeritur.
552 943 654 1005 Dulcis
669 962 738 1003 esse
752 953 847 1005 tmnen
867 944 956 1006 debet
970 963 1029 1006 non
1048 966 1156 1026 expro-

109 1031 234 1095 librans
258 1046 357 1088 sonus.
397 1027 533 1089 Utendi
548 1045 641 1088 voce
661 1026 814 1106 multiplex
829 1029 914 1089 ratic.
949 1028 1022 1090 Nam
1037 1041 1157 1109 praeter

148 1114 227 1174 illam
242 1112 441 1188 differentiam,
458 1128 533 1191 quae
551 1120 596 1171 est
610 1112 763 1190 tripertita,
780 1121 901 1188 acutae,
916 1115 1026 1189 gravis,
1042 1113 1154 1182 denam

147 1207 206 1257 tum
220 1197 355 1272 intentis,
378 1204 436 1256 tum
454 1195 602 1271 remissis,
626 1203 685 1255 tum
696 1193 797 1272 elutis,
820 1205 879 1256 tum
894 1196 1080 1257 inferioribus
1094 1216 1155 1258 mo·

107 1281 191 1345 redis
207 1297 282 1360 opus
295 1289 360 1355 est,
382 1280 483 1358 spatiis
500 1295 615 1358 quoque
632 1277 802 1339 lentioribus
814 1288 864 1340 aut
878 1278 1067 1341 citationibus.
1096 1283 1156 1342 Sed

145 1365 191 1425 his
206 1367 278 1443 ipsis
293 1364 387 1424 media
402 1363 573 1423 interiacent
587 1361 691 1431 multa;
713 1370 743 1423 et
763 1371 793 1423 ut
808 1364 916 1439 iacies,
937 1381 1101 1442 quenquam
1117 1384 1156 1426 ex

147 1448 332 1526 paucissimis
354 1454 483 1521 constat,
513 1445 651 1505 inlinitum
669 1445 758 1507 habet
779 1446 988 1507 differentiam:
1017 1449 1057 1508 ita
1083 1466 1154 1524 vox,

147 1533 203 1590 etsi
223 1547 350 1609 paucas,
374 1547 449 1608 quae
466 1530 605 1589 nominari
626 1531 756 1608 possint,
784 1531 911 1591 continet
926 1531 1062 1609 species,
1086 1549 1155 1610 pro·

146 1615 208 1692 pria
225 1616 329 1693 cuique
345 1622 406 1689 est,
433 1621 462 1674 et
476 1629 534 1673 non
550 1612 624 1674 haec
645 1615 736 1674 miuus
758 1613 875 1675 auribus
894 1632 978 1693 quam
993 1613 1087 1675 oculis
1103 1616 1156 1677 illa

145 1699 333 1776 dignoscitur.
623 1762 624 1766 Ἰ

105 1785 138 1838 19
229 1781 382 1859 Augentur
407 1790 502 1842 autem
527 1783 603 1842 sicat
624 1783 746 1841 omnium
770 1782 808 1841 ita
829 1783 913 1841 vocis
937 1799 1055 1861 quoque
1076 1782 1153 1843 bona

147 1884 247 1942 cura,
271 1865 449 1944 negligentia
464 1867 634 1925 minuuntur.
667 1864 726 1926 Sed
742 1882 811 1926 curu
826 1881 884 1924 non
909 1865 1010 1926 eadem
1032 1868 1155 1926 oratori·

145 1949 199 2010 bus
212 1967 287 2029 quae
303 1948 459 2029 phonascis
472 1949 621 2016 convenit:
641 1956 735 2008 tamen
749 1947 837 2009 multa
848 1956 914 2009 sunt
929 1949 1061 2028 utrisque
1077 1967 1154 2009 conr·

144 2034 254 2108 munia,
281 2033 399 2095 firmitas
422 2032 572 2111 corporis,
596 2046 633 2092 ne
655 2032 691 2093 ad
714 2032 872 2110 spadonum
887 2042 930 2092 -et
951 2032 1102 2094 mulierum
1126 2043 1156 2094 et

119 2140 121 2145 ¹
145 2134 300 2194 aegrorum
330 2117 488 2176 exilitatem
498 2129 566 2175 'vox
587 2124 686 2176 nostra
704 2123 855 2184 tenuetur;
885 2115 963 2195 quod
987 2115 1154 2191 ambulatio,

144 2202 261 2273 unctio,
282 2201 400 2260 veneris
423 2199 612 2275 abstinentia,
635 2198 730 2259 facilis
750 2199 880 2260 ciborum
895 2200 1040 2277 digestio,
1064 2200 1157 2260 idest

102 2290 136 2342 to
144 2282 312 2360 frugalitas,
339 2291 477 2362 praestat.
518 2282 675 2343 Praeterea
700 2292 731 2343 ut
752 2285 809 2344 sint
832 2284 933 2344 iauces
954 2285 1103 2361 integrae,
1126 2284 1156 2343 id

144 2374 190 2425 est
206 2365 313 2426 molles
331 2384 366 2426 ac
382 2364 483 2442 leves,
507 2384 626 2445 quarum
640 2367 711 2427 uitio
730 2376 760 2427 et
774 2368 917 2444 frangitur
932 2376 961 2427 et
982 2367 1157 2427 obscuratur

144 2459 173 2510 et
196 2459 388 2530 exasperatur
411 2459 440 2510 et
456 2450 595 2511 scinditur
615 2467 684 2511 vox.
715 2449 788 2511 Nam
811 2460 843 2510 ut
859 2450 947 2512 tibiae
970 2450 1075 2512 eodem
1096 2452 1155 2528 spi·

143 2535 198 2594 ritu
228 2543 352 2613 accepto
376 2532 461 2594 alium
484 2533 590 2595 clausis
614 2534 699 2596 alium
724 2535 834 2614 apertis
858 2535 1046 2595 foraminibus
1068 2534 1156 2594 alium

142 2620 286 2680 nonsatis
302 2627 444 2698 purgatae
465 2618 552 2680 ulium
569 2635 695 2697 quassae
711 2634 813 2678 sonum
827 2618 968 2680 reddunt:
990 2620 1030 2679 itu
1053 2618 1155 2678 fauces

142 2710 286 2761 tumentes
308 2702 487 2780 strangulant
509 2720 632 2779 rocem,
660 2701 782 2762 obtusae
806 2700 980 2778 obscurant,
1003 2719 1089 2763 rasae
1103 2720 1152 2763 en·

100 2793 132 2846 21
142 2794 297 2862 asperant,
330 2786 488 2846 convulsae
511 2786 614 2847 fractis
638 2794 703 2845 sunt
728 2786 846 2864 organis
868 2785 988 2847 similes.
1024 2783 1157 2846 Finditur

144 2869 229 2927 etiam
239 2869 366 2948 'spiritus
383 2868 499 2930 obiectu
516 2870 612 2948 aliquo
628 2870 703 2929 sicut
718 2868 820 2948 lapillo
836 2876 938 2930 tenues
954 2886 1064 2948 aquae,
1084 2885 1155 2947 qua·

116 2955 206 3009 *rum
224 2950 318 3011 liunus
334 2952 447 3021 etiamsi
466 2952 541 3015 ultra
556 2953 671 3032 paulum
686 2955 761 3030 coit,
783 2952 890 3031 aliquid
911 2962 1008 3013 tamen
1023 2953 1087 3014 cari
1109 2971 1154 3011 re·

145 3033 248 3112 linquit
259 3044 326 3112 post
340 3035 369 3095 id
384 3036 488 3115 ipsum,
505 3036 583 3117 quod
599 3035 769 3097 offenderat.
793 3036 901 3097 Humor
916 3053 1036 3116 quoque
1050 3052 1156 3096 uocem

143 3125 191 3176 aut
213 3117 315 3177 nimius
337 3119 456 3198 impedit
476 3128 524 3181 aut
548 3129 734 3199 consumptus
755 3119 894 3181 destituit.
930 3119 1002 3182 Nam
1021 3120 1154 3198 fatigatio

142 3208 173 3261 ut
189 3217 315 3279 corpora
331 3220 388 3264 non
409 3202 600 3282 adpraesens
616 3202 703 3264 modo
718 3212 832 3283 tempus
848 3204 901 3264 sed
924 3205 1010 3286 etiam
1028 3205 1058 3264 in
1079 3203 1153 3263 iutu·

99 3294 203 3371 tipum
227 3284 325 3345 allicit.
356 3286 417 3347 Sed
438 3294 469 3346 ut
491 3287 678 3347 communiter
700 3297 729 3348 et
753 3287 908 3366 phonascis
932 3297 963 3349 et
988 3286 1155 3349 oratoribus

23 3390 25 3396 ⁴
142 3370 310 3431 necessaria
330 3369 518 3447 exercitatio,
549 3388 604 3449 qua
631 3372 724 3432 omnia
748 3371 972 3432 convalescunt:
1005 3373 1045 3432 ita
1066 3388 1156 3431 curae

142 3468 199 3512 non
219 3452 295 3514 idem
317 3471 410 3531 genus
432 3463 486 3513 est.
527 3451 601 3515 Nam
615 3472 710 3534 neque
725 3463 806 3516 certa
822 3464 954 3534 tempora
976 3453 1013 3517 ad
1028 3455 1154 3534 spatian-

132 3602 264 3632 A.
