2408 3854
96 218 104 229 ·
129 196 170 257 26
456 210 493 256 ιι.
506 209 583 256 rna.
600 207 821 268 qornrrnrnnr

131 367 194 427 oiri
222 366 345 442 debent,
379 365 412 425 io
445 365 554 442 quibus
585 365 687 425 omnio
712 371 782 424 tutet
809 362 981 424 homicidae
1007 370 1138 441 praeter

132 451 276 511 manum?

88 542 123 595 35
216 532 269 592 Est
285 534 397 593 interim
419 541 500 593 certa
515 531 622 604 linitio,
645 530 680 590 de
696 549 751 609 qua
767 532 842 590 inter
859 538 1008 609 utramque
1024 539 1137 608 partem

133 618 282 676 convenit:
308 625 338 676 ut
359 615 464 676 Cicero
491 614 576 690 dicit,
605 612 753 676 Modoutou
773 621 818 675 est
838 617 872 675 ia
893 615 1022 694 imperio
1045 623 1139 692 atque

87 703 162 762 doio
177 702 258 762 omni
270 701 376 778 populi
386 700 517 761 Romani
530 699 685 777 dignitate.
713 697 868 771 Quaeritur
882 706 993 773 tamen,
1009 716 1053 760 om
1071 714 1135 759 mo·

130 786 225 846 leutos
248 786 363 845 minoto
383 785 437 860 eit,
462 783 537 842 utin
559 799 645 842 causa
662 780 791 842 Cornelii
807 783 968 860 quaesitum
988 790 1043 841 est.
1078 782 1138 842 Sed

130 869 177 927 hic
194 869 304 927 etiamsi
320 867 419 926 similis
437 866 528 927 videri
545 871 643 944 potest
660 866 783 926 llnitiva:
808 875 919 942 tamen,
939 867 1004 944 quia
1023 865 1061 926 de
1078 866 1138 926 lini·

131 954 209 1010 tione
230 968 287 1011 oon
311 949 481 1026 ambigitur,
503 950 637 1009 iudicatio
661 959 706 1008 est
732 949 877 1027 qualitatis
903 959 990 1029 atque
1012 949 1048 1010 ad
1074 967 1139 1010 eum

130 1036 225 1114 potins
251 1044 356 1096 statum
382 1033 563 1107 reducenda,
592 1033 628 1094 ad
654 1035 734 1093 ouius
761 1033 838 1093 forte
868 1034 983 1114 quidem
1007 1035 1139 1094 venimus

130 1121 321 1195 mentionem,
338 1118 391 1178 sed
408 1126 469 1179 erat
484 1117 586 1177 ordine
603 1119 750 1196 proximus
768 1118 861 1177 locus.

471 1275 514 1325 DE
546 1274 741 1336 obatruntn

216 1379 264 1438 lv.
302 1379 355 1439 Est
369 1388 464 1438 autem
485 1378 651 1458 qualitas
674 1377 729 1438 alia
744 1376 780 1437 de
796 1395 905 1438 summo
921 1397 1032 1456 genere
1051 1390 1139 1463 atque

130 1481 166 1522 ea
184 1464 298 1540 quidem
320 1479 377 1522 non
398 1461 531 1541 simplex.
562 1461 633 1522 Nam
656 1472 684 1522 et
700 1460 793 1540 qualis
816 1462 853 1520 sit
870 1463 1009 1541 cuiusque
1026 1465 1071 1525 rei
1089 1483 1138 1526 na·

129 1555 193 1606 tura
215 1555 244 1605 et
266 1565 340 1625 quae
356 1546 462 1622 lorma,
488 1548 649 1625 quaeritur:
669 1544 718 1606 Art
738 1546 918 1624 iotmortolie
938 1548 1065 1609 anima?
1090 1546 1140 1611 An

128 1631 266 1691 bumana
279 1633 383 1709 specie
399 1633 499 1693 deuo?
522 1640 551 1690 et
569 1625 605 1690 de
620 1629 813 1708 magnitudine
829 1648 864 1689 ac
880 1647 1015 1708 numero,
1033 1629 1139 1706 Quoa-

128 1722 178 1776 tos
199 1716 267 1776 sol?
289 1724 318 1774 et
338 1712 387 1777 Ao
403 1735 484 1777 unus
504 1716 658 1777 mundos?
679 1713 761 1787 Quae
783 1715 876 1773 omnia
892 1715 1059 1776 coniectura
1076 1718 1138 1795 qui·

129 1798 195 1858 dem
212 1798 402 1876 colliguntur,
432 1800 631 1878 quaestionem
649 1808 744 1858 tamen
763 1797 870 1858 babent
886 1799 914 1858 in
932 1815 988 1875 eo,
1016 1800 1139 1878 qualia

102 1879 229 1948 asintl
255 1881 334 1943 Haec
364 1892 392 1942 et
422 1884 449 1941 in
476 1885 615 1943 suasoriis
638 1884 755 1942 tractari
777 1882 889 1956 solent,
910 1891 957 1958 ut,
980 1884 1005 1943 si
1027 1881 1138 1945 Caesar

130 1966 288 2044 deliberet,
306 1986 342 2026 an
354 1966 526 2027 Britanniam
541 1969 704 2046 impugnet:
726 1983 807 2044 quoe
826 1969 866 2027 sil
881 1963 998 2028 Oceani
1008 1976 1137 2045 notiora,

129 2069 171 2111 on
193 2048 359 2112 Britannia
385 2053 506 2125 incolo,
536 2049 622 2129 (nam
649 2060 707 2109 tum
734 2049 935 2130 ignorabatur)
959 2059 1077 2129 quanto
1100 2070 1138 2114 eo

130 2143 234 2208 terro,
250 2151 309 2212 quo
319 2153 444 2195 numero
456 2136 582 2195 rnilitum
592 2135 821 2213 aggrediendo,
838 2137 867 2194 in
879 2136 1029 2196 consilium
1041 2135 1137 2196 leren-

131 2217 196 2276 dum
212 2218 257 2275 sit.
292 2214 392 2277 Eidem
404 2218 533 2295 qualitati
547 2218 706 2278 succedunt
723 2218 855 2278 iacienda
870 2236 904 2279 ac
918 2237 975 2278 non
987 2219 1136 2287 lacienda;

130 2300 310 2442 appetenda,
324 2300 453 2368 vitanda;
473 2319 546 2379 quae
563 2302 752 2361 insuasorias
765 2301 879 2380 quidem
894 2304 1017 2363 maximo
1034 2305 1137 2366 cadunt

130 2401 162 2442 se
205 2385 233 2443 in
250 2386 458 2443 controversiis
481 2402 596 2463 quoque
618 2395 683 2445 sunt
704 2384 883 2464 frequentia,
906 2386 961 2446 lrao
976 2387 1040 2447 sola
1056 2387 1138 2455 dille·

100 2468 239 2543 trentia,
263 2467 339 2546 qnod
362 2467 423 2528 illic
447 2468 482 2528 de
506 2469 608 2528 luturis
632 2468 679 2529 hic
702 2468 738 2528 de
762 2469 845 2528 lactis
862 2471 965 2546 agitur
999 2470 1071 2530 Item
1087 2471 1138 2532 do·

130 2554 335 2612 monstrativae
361 2554 451 2630 partis
477 2555 569 2613 omnia
595 2561 660 2612 sunt
685 2555 713 2613 ln
738 2552 796 2613 hoc
820 2562 912 2613 statu:
939 2554 1046 2614 lactum
1070 2572 1138 2615 esse

128 2645 259 2712 constat,
288 2635 373 2715 quale
400 2639 438 2695 sit
463 2636 569 2696 facturn
591 2639 747 2714 quaeritur.
779 2636 826 2696 Lis
849 2645 894 2696 est
916 2639 1007 2698 omnis
1029 2648 1078 2698 ιιι
1101 2637 1138 2698 de

129 2721 259 2798 praemio
275 2729 324 2779 aut
339 2718 375 2779 de
392 2737 486 2799 poena
501 2730 549 2781 aut
565 2721 601 2781 de
618 2721 785 2798 quantitate.
815 2718 906 2798 Igitur
920 2740 1013 2799 genus
1030 2739 1138 2785 causae

130 2813 176 2864 aut
193 2803 317 2882 simplex
332 2813 380 2863 aut
392 2806 624 2883 comparativum
656 2802 737 2879 lllic,
752 2804 819 2882 quid
834 2822 973 2882 aequum,
988 2804 1053 2882 hic,
1070 2804 1139 2884 quid

129 2888 249 2965 aequius
266 2896 314 2947 aut
334 2887 402 2965 quid
418 2889 622 2967 aequissimum
638 2888 692 2963 stt,
710 2889 863 2947 excutitur.

214 2967 284 3030 Gurn
298 2972 335 3031 de
358 2989 475 3050 poena
492 2972 626 3037 iudicium
642 2980 702 3030 est:
725 2981 840 3050 aparte
857 2974 939 3048 eius,
957 2952 1005 3062 qui
1022 2990 1138 3033 oausam

129 3055 214 3129 dicit,
238 3063 285 3115 aut
301 3055 434 3116 defensio
451 3064 496 3114 est
513 3055 637 3114 criminis
655 3064 703 3113 aut
721 3056 896 3129 dimmiuutio
913 3064 960 3115 ant
980 3051 1137 3117 excusatio

130 3147 194 3214 aut,
214 3147 244 3197 ut
260 3139 372 3217 quidam
388 3147 504 3217 putant,
524 3138 702 3216 deprecatio.

99 3230 116 3282 4
210 3221 397 3282 Defensio
421 3222 509 3299 longe
533 3223 732 3300 potentissima
752 3233 813 3299 est,
836 3241 892 3301 qua
908 3225 1002 3302 ipsum
1019 3223 1137 3299 facturn,

129 3307 207 3384 quod
223 3306 374 3382 obiicitur,
396 3306 514 3366 dicimus
531 3307 682 3366 honestum
699 3324 776 3366 esse.
814 3304 990 3368 Abdicatur
1010 3308 1136 3386 aliquia,

128 3391 211 3466 quod
224 3392 417 3469 incitopotre
427 3392 577 3467 militarit,
595 3391 723 3452 bonores
734 3391 871 3470 petierit,
894 3410 1022 3452 acorem
1038 3392 1137 3452 duae-

127 3474 186 3535 rt't:
211 3482 337 3551 tuemur,
360 3475 438 3555 quod
458 3474 589 3534 lecimus.
626 3473 737 3533 Partem
758 3473 832 3533 bano
851 3482 958 3533 vocant
975 3472 1136 3552 Hermago-

76 3562 190 3632 q
