2408 3854
126 185 187 248 268
449 199 485 244 n.
499 194 812 255 nua.ou1un1n1nu1
830 212 832 218 ·

122 355 190 430 tici,
214 352 263 413 det
284 351 351 412 mibi
370 352 399 409 in
421 350 587 429 eloquendo
611 349 732 410 eandem
756 347 960 409 iucunditatem
981 358 1010 409 et
1031 368 1134 428 parem

123 439 246 518 copiam.
281 434 408 509 Quodsi
431 443 565 512 regumn
588 442 648 494 est:
673 432 832 493 sententias
850 432 1010 511 aptabimus
1026 435 1062 495 iis
1078 453 1133 496 vo-

124 522 224 597 cibus,
242 538 314 599 quas
327 517 482 594 babemus,
505 535 562 578 neo
579 534 674 577 rerum
690 517 803 577 nimiam
819 517 1002 594 tenuitatem,
1024 527 1056 579 ut
1073 537 1134 581 nou

123 606 219 666 dicam
233 601 450 683 pinguioribus,
473 601 643 662 lortimibus
660 610 740 662 certe
756 599 855 661 verbis
870 601 1071 678 miscebimus,
1094 623 1133 665 ne

82 691 214 758 tarirtus
232 697 355 766 utraque
376 696 479 765 pereat
499 688 563 765 ipsa
586 685 768 746 contusione.
802 683 874 745 Nam
895 701 953 765 quo
969 687 1062 746 minus
1080 687 1132 749 ad·

123 774 202 834 iuvat
217 788 325 849 senno,
341 788 437 830 rerum
451 771 618 831 inventione
633 769 816 850 pugnandum
832 777 886 829 est.
915 771 1025 829 Sensus
1040 770 1133 832 sabli-

122 873 185 917 mes
206 857 336 934 variique
359 863 504 915 eruantur.
544 854 736 915 Permovendi
758 870 860 913 omnes
886 853 1009 914 affectus
1035 865 1133 933 erunt,

123 941 216 1000 oratio
232 938 449 999 translationum
466 939 560 999 nitore
578 937 771 998 illuminanda.
808 936 874 997 Non
888 952 1044 1017 possumus
1062 958 1134 1000 esse

122 1033 180 1085 tam
197 1021 341 1100 graciles:
369 1023 457 1082 simus
480 1023 629 1084 fortiores.
664 1021 829 1084 Subtilitate
850 1023 1005 1082 vincimur:
1031 1023 1133 1084 valsa-

122 1124 184 1167 mus
200 1107 341 1186 pondere.
378 1106 546 1185 Proprietas
560 1123 654 1186 penes
670 1105 738 1166 ullos
754 1114 800 1166 est
815 1106 937 1167 certior:
966 1107 1051 1185 copia
1068 1109 1133 1168 vio·

81 1200 230 1258 eluamus.
272 1190 390 1269 ingenia
417 1190 594 1252 Graecorum
621 1191 707 1251 etiam
730 1191 840 1250 minora
865 1206 935 1250 suos
957 1200 1060 1267 portus
1080 1190 1133 1252 ha-

122 1274 206 1336 bent:
222 1291 277 1335 nus
291 1275 464 1354 plerumque
479 1275 635 1336 maioribus
647 1274 724 1334 velis
739 1275 920 1349 moveamur,
932 1273 1057 1334 validior
1071 1275 1133 1354 spi·

123 1361 195 1419 ritus
210 1368 327 1419 nostros
351 1360 560 1426 sirmiensium
586 1375 644 1418 nou
666 1366 763 1418 tamen
784 1357 843 1418 alto
860 1375 978 1436 semper
992 1358 1133 1435 feramur,

123 1460 187 1503 nam
201 1452 231 1502 et
242 1443 327 1504 litora
338 1444 451 1502 interim
463 1442 613 1522 sequentia
628 1450 702 1502 sunt.
725 1441 786 1503 lllis
801 1440 897 1502 lacilis
912 1458 967 1520 per
982 1441 1134 1521 quaelibet

122 1527 196 1586 vada
212 1543 366 1586 accessus:
384 1542 444 1603 ego
458 1526 582 1606 aliquid,
598 1543 656 1586 oon
672 1526 762 1586 multo
778 1535 889 1602 mmet,
908 1526 1011 1602 altius,
1028 1528 1056 1587 in
1072 1542 1133 1605 quo

79 1619 186 1676 semea
208 1609 312 1686 cymba
333 1626 391 1669 non
415 1609 508 1687 sitiat,
527 1611 678 1671 inueniam.
717 1608 822 1688 Neque
842 1610 933 1685 enin,
957 1611 982 1669 si
997 1611 1133 1670 tenuiora

121 1693 196 1754 baec
212 1710 247 1754 ae
262 1696 412 1772 pressiora
428 1692 533 1754 Graeci
547 1693 666 1770 meiius,
694 1694 722 1752 iu
747 1710 844 1771 eopse
858 1695 999 1753 vincimur
1014 1693 1081 1754 salo
1102 1703 1133 1754 et

121 1777 189 1837 ideo
204 1779 232 1836 in
248 1778 409 1837 comoediis
424 1794 482 1838 non
498 1777 707 1853 contantinus,
724 1793 845 1855 prorsus
860 1785 957 1839 tamen
973 1778 1134 1838 omittenda

121 1878 189 1942 pars
204 1862 280 1924 baec
295 1861 451 1938 orationis,
473 1863 527 1922 sed
543 1860 688 1938 eirigenda
703 1870 735 1920 nt
749 1863 856 1939 optime
873 1878 1043 1940 possumus:
1062 1878 1132 1940 pus·

121 1964 218 2006 sumus
236 1956 332 2007 antem
349 1963 445 2006 rerum
461 1955 491 2006 et
505 1946 592 2007 modo
611 1954 640 2006 et
659 1944 766 2004 iudicio
783 1963 851 2004 esse
873 1945 998 2022 similes,
1022 1945 1132 2005 verba·

121 2048 183 2091 rum
202 2032 311 2108 gratia,
337 2046 422 2109 quam
446 2032 475 2089 in
496 2032 568 2109 ipsis
591 2046 649 2089 non
670 2027 827 2104 babemus,
852 2030 1037 2089 extrinsecus
1061 2045 1132 2089 con·

80 2112 225 2176 saltenda
241 2124 295 2175 est.
333 2115 438 2173 Annon
458 2115 488 2174 in
504 2115 624 2193 privatis
640 2121 673 2172 et
686 2120 789 2174 uuutus
806 2121 836 2172 et
850 2129 907 2172 uon
923 2122 1056 2191 asperet
1071 2130 1131 2173 non

122 2198 300 2258 indistinctus
325 2207 355 2257 et
375 2215 433 2257 nun
455 2198 673 2276 supramodum
696 2195 790 2256 elatus
804 2195 841 2256 li.
862 2194 996 2258 'l'ullius‘l
1026 2213 1085 2256 noa
1103 2199 1132 2256 in

121 2280 159 2340 bi.
177 2279 289 2341 Calidio
310 2283 429 2358 insignis
446 2282 520 2342 baec
532 2279 648 2342 virtus?
663 2296 721 2340 nou
737 2281 848 2359 Scipio,
862 2279 991 2355 Laelius,
1009 2278 1083 2341 Gato
1103 2283 1132 2340 iu

122 2364 290 2443 eloquendo
305 2365 386 2425 velut
401 2364 492 2425 Attici
508 2364 701 2426 &manorum
724 2362 860 2424 luerunt?
894 2361 947 2425 Oui
962 2381 1053 2443 porro
1071 2381 1131 2425 uon

121 2450 191 2507 satis
209 2457 268 2523 est,
285 2465 343 2527 quo
361 2449 430 2510 nibil
449 2466 517 2509 asse
532 2449 637 2510 melius
654 2445 775 2527 potest?

80 2536 115 2590 to
206 2532 253 2593 Ad
273 2532 331 2593 boe
352 2533 466 2612 quitiam
486 2533 594 2594 nullam
611 2533 679 2593 esse
696 2531 857 2592 naturalem
873 2541 973 2611 putant
988 2532 1131 2612 eloquen-

121 2618 205 2693 tiam,
232 2617 287 2676 nisi
309 2619 442 2695 quaesit
469 2618 615 2679 cotidiano
640 2618 767 2677 sermoni
791 2616 949 2693 simillima,
979 2633 1037 2695 quo
1066 2635 1133 2677 eum

121 2702 238 2776 amicis,
262 2701 452 2778 coniugibus,
471 2701 588 2778 liberis,
606 2703 701 2762 serris
719 2700 889 2779 loquamur,
907 2709 1044 2761 contento
1060 2718 1131 2779 pru·

120 2801 201 2844 mere
223 2786 308 2844 animi
328 2785 507 2845 voluntatem
528 2785 657 2864 uibilque
674 2793 704 2845 et
726 2785 859 2844 arcessiti
877 2793 907 2844 et
923 2784 1067 2845 elaborati
1083 2803 1131 2845 re·

122 2869 270 2945 quirente;
296 2869 432 2948 quidquid
448 2869 504 2929 huc
520 2871 556 2928 sit
573 2869 733 2943 adiectum,
758 2867 787 2927 iti
802 2886 871 2927 esse
886 2868 1081 2928 affectationis
1100 2877 1132 2929 et

120 2950 290 3013 ambitiosae
306 2955 334 3011 in
348 2952 495 3031 loquendo
510 2954 674 3028 iactantiae,
691 2960 865 3013 remotum-a
879 2953 1001 3012 veritate
1018 2951 1131 3012 liutm-

121 3052 178 3114 que
195 3036 324 3114 ipsorum
340 3038 432 3113 gratia
451 3036 622 3112 verborum,
649 3035 752 3116 quibus
770 3035 864 3096 solum
886 3044 987 3097 natura
1007 3036 1045 3096 sit
1063 3036 1132 3097 otti·

81 3124 110 3180 tl
120 3121 194 3179 ciam
210 3119 392 3196 attributum,
408 3123 521 3182 seruire
536 3121 688 3181 sensibus:
711 3121 786 3180 sicut
801 3119 973 3181 athletarum
987 3135 1130 3199 corpora,

122 3203 234 3264 etiamsi
250 3203 391 3265 validiora
408 3205 475 3266 liant
491 3205 702 3270 exercitatione
719 3212 748 3263 et
762 3204 831 3281 lege
848 3203 970 3282 quadam
985 3202 1130 3280 ciborum,

121 3295 290 3348 nontamen
308 3307 375 3349 esse
391 3288 532 3350 naturalia
547 3296 634 3366 atque
652 3288 688 3348 ab
706 3287 756 3348 illa
771 3288 891 3366 specie,
914 3305 989 3367 quae
1005 3288 1044 3348 sit
1058 3303 1132 3349 oon·

122 3388 206 3432 cessa
231 3372 409 3448 bominibus,
432 3371 602 3432 abhorrere.
642 3370 717 3444 Quid
739 3372 830 3447 enim,
857 3372 1004 3451 inquiunt,
1026 3371 1132 3432 attinet

122 3454 243 3515 circuitu
260 3473 309 3515 res
328 3454 484 3515 ostendere
503 3464 532 3516 et
548 3454 800 3533 maculationibus,
826 3454 855 3516 id
871 3464 917 3517 est
933 3462 982 3516 aut
996 3453 1131 3534 pluribus
