2376 3840
354 207 786 275 1NST.01sAT01s.L113.1x,1.
1028 198 1064 260 91

70 375 133 432 tum
152 384 219 428 esse
239 359 400 432 adeatur}
422 371 452 425 et
471 363 542 424 buia
563 365 723 425 contraria
738 382 834 444 saepe
852 365 1015 443 percursio
1029 373 1074 427 est

71 462 100 515 et
122 448 167 512 ad
188 450 259 527 plus
287 448 530 526 intellip'endum,
555 463 647 525 quarn
668 447 802 525 disseris,
825 449 1022 528 sipniflcatio,
1046 455 1075 513 et

73 536 217 598 distincte
232 534 357 594 canusa
374 533 508 594 brevitas
531 539 559 592 et
581 533 774 603 extenuatio,·
795 540 824 594 et
836 532 909 594 lenio
925 533 1115 596 adiunctas&

71 620 183 694 illusio,
201 633 223 677 a
233 617 413 695 praeceptis
429 613 577 676 Caesaris
591 634 651 678 non
665 617 852 692 abbarrens,
874 626 903 677 et
917 616 957 678 ab
975 636 1010 676 re
1024 617 1074 678 di·

67 704 189 783 pressio
193 724 208 772 ,·
227 702 260 761 in
276 716 337 778 qua
353 717 421 760 oum
434 700 530 777 fuerit
544 699 721 777 delectatio,
738 708 800 762 tnrn
815 700 933 762 reditus
951 702 996 761 ad
1010 719 1076 762 rem

72 793 165 866 aptus
190 793 218 846 et
235 785 403 845 oondnnus
423 801 490 843 esse
509 782 649 853 debebit,·
669 784 912 863 propositioque,
938 785 1012 862 qnid
1031 785 1075 845 sis

72 872 232 944 dicturus,
248 875 277 930 et
295 868 334 928 ab
351 885 403 943 eo,
424 869 506 944 quod
521 873 566 927 est
582 868 713 945 dictum,
732 869 896 945 seiunctio,
912 877 941 930 et
957 868 1076 929 reditus

72 956 117 1019 ad
126 953 316 1033 propositum
337 958 367 1012 et
379 950 501 1012 iteratio
518 958 547 1012 et
567 953 695 1014 rationis
715 960 792 1031 apta
815 952 990 1024 conclusio‚·
1015 959 1117 1016 tumui

74 1039 209 1118 aupaedi
223 1036 417 1098 rninuendiae
438 1051 537 1096 cansa
559 1037 697 1097 ueritatis
721 1037 888 1115 superlatio
902 1044 994 1113 atque
1009 1042 1076 1096 tra·

72 1124 178 1199 iectio,
207 1129 236 1182 et
255 1120 373 1198 ropatio
398 1128 490 1196 atque
520 1118 592 1181 buia
616 1119 745 1198 finitima
774 1122 864 1198 quasi
885 1119 1077 1198 percontatio

73 1207 280 1286 expositioque
297 1205 465 1265 sententiae
474 1220 569 1273 sssae;
584 1211 646 1264 tum
662 1205 727 1280 illa,
745 1218 825 1281 quae
841 1205 974 1267 mantue
988 1204 1079 1281 quasi

73 1292 183 1371 irrepit
198 1291 232 1350 in
254 1288 404 1349 hominm
424 1295 554 1363 mentes,
579 1288 644 1349 alia
666 1289 797 1350 dicentis
814 1307 854 1350 aa
875 1286 1078 1366 sipniflcantis

74 1374 296 1451 dissimulatio,
320 1387 400 1450 puae
422 1379 466 1433 est
484 1371 698 1450 periucunda,
722 1390 792 1433 curn
812 1373 844 1433 in
864 1373 1002 1433 oratioue
1015 1389 1078 1433 non

74 1460 260 1522 contentione
274 1458 332 1518 sed
348 1474 486 1518 sermone
500 1463 654 1518 tractatur
659 1479 673 1526 ,ε
694 1455 806 1518 deinde
829 1456 995 1531 dubitatio,
1016 1459 1119 1516 lumbo

75 1543 258 1617 distributio,
277 1547 339 1602 tum
356 1540 523 1615 correctio,
544 1539 594 1601 ael
605 1549 676 1602 ante
696 1541 745 1603 cel
754 1548 825 1619 post
839 1556 932 1619 quam
947 1540 1077 1616 diaetis,

74 1630 123 1690 uel
146 1646 215 1689 oum
229 1626 349 1702 aliquid
368 1641 390 1684 a
408 1633 437 1686 te
450 1626 517 1703 ipso
535 1623 671 1685 reiicias.
706 1622 912 1687 Praemunitio
927 1625 1018 1685 etiarn
1034 1631 1078 1684 est

75 1713 184 1788 adid,
208 1711 290 1789 quod
305 1708 508 1788 apprediare,
530 1714 559 1768 et
579 1709 704 1770 reiectio
722 1709 756 1769 in
776 1708 890 1780 alium,·
912 1707 1078 1770 eommuni-

76 1799 175 1872 catio,
194 1811 273 1873 puae
290 1799 335 1854 est
350 1793 441 1870 quasi
458 1810 527 1854 curn
547 1792 587 1852 iis
600 1793 695 1871 ipsis,
716 1792 803 1871 apud
818 1807 893 1871 quos
910 1792 1009 1865 dicas,
1026 1789 1077 1851 de·

75 1880 235 1946 tiberaliu-
257 1895 374 1939 morum
389 1896 429 1938 ac
443 1878 525 1938 aitae
538 1875 666 1936 imitatio
682 1876 732 1936 ael
748 1875 781 1936 in
791 1876 935 1954 personis
950 1874 1000 1935 ael
1012 1875 1079 1935 sine

75 1965 152 2041 illis,
173 1980 317 2041 mapnun
337 1959 493 2039 quoddam
515 1965 725 2021 oruamentum
750 1959 898 2022 matianis
924 1964 1078 2036 etapium

76 2049 121 2110 ad
141 2048 260 2108 animas
281 2045 492 2106 conciliandos
519 2043 568 2104 ael
589 2044 722 2105 manime
743 2059 839 2122 saepe
861 2050 962 2103 antem
987 2041 1078 2102 etiam

75 2135 121 2194 ad
135 2129 385 2197 commovendos,·
402 2144 610 2207 personarum
627 2127 701 2206 fleta
717 2128 854 2190 inductio
869 2127 919 2190 oel
930 2126 1080 2204 pravissi-
1087 2133 1118 2186 31

76 2235 156 2278 mnm
173 2217 273 2276 lumen
288 2212 424 2292 aupendi
430 2234 444 2281 ;
466 2210 646 2289 descriptio,
668 2213 786 2273 erroris
805 2212 958 2287 inductio,
975 2212 1019 2273 ad
1032 2209 1078 2271 bi-

76 2301 232 2362 laritatem
245 2298 397 2375 impulsio,
413 2296 665 2374 anteocaupatios
681 2303 744 2358 tum
759 2296 821 2357 duo
836 2297 902 2372 illa,
918 2310 998 2373 quae
1012 2313 1078 2357 rna-

77 2386 158 2448 uime
168 2390 296 2457 mouent,
307 2381 472 2442 simititudo
479 2384 508 2443 et
518 2382 706 2459 exemplans
718 2381 857 2459 dipestio,
864 2380 1080 2459 interpellatio,

77 2468 241 2539 contentio,
258 2467 433 2543 reticentia,
449 2465 678 2528 cummendatio.
720 2462 787 2527 Voo
808 2465 963 2543 quaedam
984 2462 1123 2524 liberast

65 2563 170 2631 'atque
186 2552 276 2612 etiam
291 2549 467 2632 effrenatior
481 2551 617 2630 aupendi
639 2565 757 2619 cansa;
776 2545 961 2626 iracundia,
977 2547 1081 2609 obiur-

76 2638 172 2717 patio,
185 2635 366 2714 promissio,
384 2626 579 2714 deprecatio,
595 2634 778 2709 obsecratio,
796 2631 963 2694 declinatio
980 2631 1082 2691 breuis

78 2741 99 2783 a
111 2719 285 2801 proposito,
306 2735 367 2779 non
386 2727 420 2780 ut
433 2718 575 2798 superior
588 2719 644 2780 illa
658 2717 821 2796 dipressio,
834 2715 991 2794 purpurio,
1009 2733 1081 2776 con·

79 2806 203 2880 cibatio,
220 2803 325 2879 laesio,
341 2802 455 2882 optatio
471 2809 564 2880 atque
578 2802 745 2865 execratio.
774 2798 909 2879 llisfere
919 2798 1124 2862 tumtubmss

76 2891 233 2953 illustrant
259 2888 426 2950 uodonem
448 2888 626 2950 sententiae.
675 2882 831 2948 Orationis
856 2893 958 2946 autem
984 2884 1084 2962 ipsius

80 2982 225 3052 tunquam
247 2988 405 3033 armorum
424 2979 470 3033 est
488 2973 538 3033 oet
557 2972 603 3032 ad
622 2988 710 3032 mum
730 2970 923 3032 comminatio
944 2976 974 3030 et
993 2967 1085 3046 qnasi

77 3058 183 3136 petitio
198 3056 248 3117 oel
261 3058 306 3118 ad
315 3062 504 3118 venustatem
518 3057 589 3135 ipsa
603 3054 757 3119 tractatio.
783 3051 863 3117 Nam
878 3061 908 3134 et
919 3052 1083 3132 peminatio

78 3142 240 3202 uerborum
254 3140 345 3202 babet
358 3139 513 3201 interdurn
527 3141 603 3217 aim,
619 3141 754 3218 leporem
768 3140 865 3215 caus,
883 3145 913 3201 et
923 3136 1084 3217 paululum

77 3227 268 3285 immutatum
281 3223 408 3286 uerbum
422 3230 516 3301 atque
533 3222 703 3302 delleaum,
719 3230 748 3284 et
765 3222 900 3284 eiusdem
914 3221 1002 3284 verbi
1016 3238 1084 3281 cre·

78 3310 139 3371 bra
155 3317 218 3370 turn
233 3325 254 3368 a
267 3309 367 3387 primo
384 3309 523 3386 repetitio
543 3315 606 3369 tum
619 3309 653 3368 in
668 3313 837 3369 entremurn
858 3306 1034 3380 conversio,
1054 3311 1083 3367 et

77 3396 111 3455 iu
127 3394 238 3455 eadem
252 3392 349 3454 cerba
362 3393 493 3471 impetus
513 3400 543 3454 et
563 3391 723 3454 casurae
739 3399 769 3454 et
788 3389 947 3450 adiunctio
969 3395 997 3449 et
1009 3405 1083 3467 pro-

77 3479 207 3558 oressio,
221 3484 251 3539 et
260 3475 396 3538 eiusdem
405 3475 493 3537 verbi
503 3475 645 3538 crebrisa
656 3475 748 3558 positi
764 3472 925 3555 quaedam
934 3472 1095 3532 distinctio
