<?xml version="1.0" encoding="UTF-8"?>
<!DOCTYPE html PUBLIC "-//W3C//DTD XHTML 1.0 Transitional//EN"
    "http://www.w3.org/TR/xhtml1/DTD/xhtml1-transitional.dtd">
<html xmlns="http://www.w3.org/1999/xhtml" xml:lang="en" lang="en">
 <head>
  <title>
</title>
<meta http-equiv="Content-Type" content="text/html;charset=utf-8" />
  <meta name='ocr-system' content='tesseract 3.04.00' />
  <meta name='ocr-capabilities' content='ocr_page ocr_carea ocr_par ocr_line ocrx_word'/>
</head>
<body>
  <div class='ocr_page' id='page_1' title='image "./mfabiiquintilia08quingoog_0155.png"; bbox 0 0 2408 3854; ppageno 0'>
   <div class='ocr_carea' id='block_1_1' title="bbox 130 198 808 266">
    <p class='ocr_par' dir='ltr' id='par_1_1' title="bbox 130 198 808 266">
     <span class='ocr_line' id='line_1_1' title="bbox 130 198 808 266; baseline -0.006 -8"><span class='ocrx_word' id='word_1_1' title='bbox 130 198 190 261; x_wconf 87' lang='lat'><strong>130</strong></span> <span class='ocrx_word' id='word_1_2' title='bbox 442 205 808 266; x_wconf 77' lang='lat' dir='ltr'><strong>rr.rart.ou1nr11.1nnr</strong></span> 
     </span>
    </p>
   </div>
   <div class='ocr_carea' id='block_1_2' title="bbox 14 361 1134 3554">
    <p class='ocr_par' dir='ltr' id='par_1_2' title="bbox 14 361 1134 3554">
     <span class='ocr_line' id='line_1_2' title="bbox 124 361 1134 442; baseline 0.003 -17"><span class='ocrx_word' id='word_1_3' title='bbox 124 363 249 439; x_wconf 84' lang='lat' dir='ltr'><strong>Cicero,</strong></span> <span class='ocrx_word' id='word_1_4' title='bbox 282 362 342 438; x_wconf 83' lang='lat' dir='ltr'><strong>To,</strong></span> <span class='ocrx_word' id='word_1_5' title='bbox 366 363 476 440; x_wconf 87' lang='lat' dir='ltr'><strong>iuquit,</strong></span> <span class='ocrx_word' id='word_1_6' title='bbox 508 364 576 423; x_wconf 82' lang='lat' dir='ltr'><strong>istis</strong></span> <span class='ocrx_word' id='word_1_7' title='bbox 599 363 759 442; x_wconf 78' lang='lat' dir='ltr'><strong>succidas,</strong></span> <span class='ocrx_word' id='word_1_8' title='bbox 786 361 854 421; x_wconf 80' lang='lat' dir='ltr'><strong>istis</strong></span> <span class='ocrx_word' id='word_1_9' title='bbox 879 361 1044 440; x_wconf 75' lang='lat' dir='ltr'><strong>luteribus,</strong></span> <span class='ocrx_word' id='word_1_10' title='bbox 1072 365 1134 428; x_wconf 82' lang='lat' dir='ltr'><strong>isto</strong></span> 
     </span>
     <span class='ocr_line' id='line_1_3' title="bbox 120 444 1134 530; baseline -0.001 -20"><span class='ocrx_word' id='word_1_11' title='bbox 120 450 310 530; x_wconf 66' lang='lat' dir='ltr'><strong>pludtotottu</strong></span> <span class='ocrx_word' id='word_1_12' title='bbox 335 449 427 509; x_wconf 79' lang='lat' dir='ltr'><strong>totius</strong></span> <span class='ocrx_word' id='word_1_13' title='bbox 458 446 599 525; x_wconf 70' lang='lat' dir='ltr'><strong>corpote</strong></span> <span class='ocrx_word' id='word_1_14' title='bbox 623 447 776 525; x_wconf 79' lang='lat' dir='ltr'><strong>firmitate.</strong></span> <span class='ocrx_word' id='word_1_15' title='bbox 825 444 912 505; x_wconf 81' lang='lat' dir='ltr'><strong>Aliud</strong></span> <span class='ocrx_word' id='word_1_16' title='bbox 939 447 1014 506; x_wconf 91' lang='lat' dir='ltr'><strong>enim</strong></span> <span class='ocrx_word' id='word_1_17' title='bbox 1042 450 1134 508; x_wconf 89' lang='lat' dir='ltr'><strong>maius</strong></span> 
     </span>
     <span class='ocr_line' id='line_1_4' title="bbox 123 529 1133 611; baseline 0.001 -18"><span class='ocrx_word' id='word_1_18' title='bbox 123 533 180 594; x_wconf 89' lang='lat' dir='ltr'><strong>alio</strong></span> <span class='ocrx_word' id='word_1_19' title='bbox 202 532 381 611; x_wconf 88' lang='lat' dir='ltr'><strong>supervenit.</strong></span> <span class='ocrx_word' id='word_1_20' title='bbox 426 529 465 589; x_wconf 78' lang='lat' dir='ltr'><strong>At</strong></span> <span class='ocrx_word' id='word_1_21' title='bbox 486 532 511 590; x_wconf 89' lang='lat' dir='ltr'><strong>si</strong></span> <span class='ocrx_word' id='word_1_22' title='bbox 533 532 684 610; x_wconf 88' lang='lat' dir='ltr'><strong>coepisset</strong></span> <span class='ocrx_word' id='word_1_23' title='bbox 704 538 798 590; x_wconf 93' lang='lat' dir='ltr'><strong>atoto</strong></span> <span class='ocrx_word' id='word_1_24' title='bbox 814 545 958 609; x_wconf 90' lang='lat' dir='ltr'><strong>corpore,</strong></span> <span class='ocrx_word' id='word_1_25' title='bbox 977 549 1034 592; x_wconf 92' lang='lat' dir='ltr'><strong>uon</strong></span> <span class='ocrx_word' id='word_1_26' title='bbox 1055 531 1133 594; x_wconf 91' lang='lat' dir='ltr'><strong>bene</strong></span> 
     </span>
     <span class='ocr_line' id='line_1_5' title="bbox 122 612 1131 693; baseline -0.001 -15"><span class='ocrx_word' id='word_1_27' title='bbox 122 618 158 678; x_wconf 86' lang='lat' dir='ltr'><strong>ad</strong></span> <span class='ocrx_word' id='word_1_28' title='bbox 173 617 264 677; x_wconf 88' lang='lat' dir='ltr'><strong>latera</strong></span> <span class='ocrx_word' id='word_1_29' title='bbox 281 618 439 692; x_wconf 75' lang='lat' dir='ltr'>faucesque</span> <span class='ocrx_word' id='word_1_30' title='bbox 456 614 660 675; x_wconf 81' lang='lat' dir='ltr'><strong>descenderet.</strong></span> <span class='ocrx_word' id='word_1_31' title='bbox 690 612 744 673; x_wconf 86' lang='lat' dir='ltr'><strong>Est</strong></span> <span class='ocrx_word' id='word_1_32' title='bbox 760 623 789 674; x_wconf 90' lang='lat' dir='ltr'><strong>et</strong></span> <span class='ocrx_word' id='word_1_33' title='bbox 803 613 877 674; x_wconf 89' lang='lat' dir='ltr'><strong>alius</strong></span> <span class='ocrx_word' id='word_1_34' title='bbox 893 616 1030 676; x_wconf 89' lang='lat' dir='ltr'><strong>naturalis</strong></span> <span class='ocrx_word' id='word_1_35' title='bbox 1046 616 1131 693; x_wconf 86' lang='lat' dir='ltr'><strong>ordo,</strong></span> 
     </span>
     <span class='ocr_line' id='line_1_6' title="bbox 122 700 1133 779; baseline 0.003 -19"><span class='ocrx_word' id='word_1_36' title='bbox 122 710 152 761; x_wconf 86' lang='lat' dir='ltr'><strong>ut</strong></span> <span class='ocrx_word' id='word_1_37' title='bbox 172 703 255 763; x_wconf 76' lang='lat' dir='ltr'><strong>oinos</strong></span> <span class='ocrx_word' id='word_1_38' title='bbox 276 700 478 779; x_wconf 76' lang='lat' dir='ltr'><strong>cosentinus,</strong></span> <span class='ocrx_word' id='word_1_39' title='bbox 502 700 584 762; x_wconf 78' lang='lat' dir='ltr'><strong>diem</strong></span> <span class='ocrx_word' id='word_1_40' title='bbox 608 717 648 761; x_wconf 86' lang='lat' dir='ltr'><strong>uc</strong></span> <span class='ocrx_word' id='word_1_41' title='bbox 663 706 797 773; x_wconf 77' lang='lat' dir='ltr'><strong>noctem,</strong></span> <span class='ocrx_word' id='word_1_42' title='bbox 822 705 923 760; x_wconf 76' lang='lat' dir='ltr'><strong>ortum</strong></span> <span class='ocrx_word' id='word_1_43' title='bbox 943 707 971 762; x_wconf 86' lang='lat' dir='ltr'><strong>et</strong></span> <span class='ocrx_word' id='word_1_44' title='bbox 986 718 1133 763; x_wconf 82' lang='lat' dir='ltr'><strong>occasum</strong></span> 
     </span>
     <span class='ocr_line' id='line_1_7' title="bbox 80 782 1133 863; baseline -0.005 -13"><span class='ocrx_word' id='word_1_45' title='bbox 80 785 202 852; x_wconf 65' lang='lat' dir='ltr'><strong>tedicus</strong></span> <span class='ocrx_word' id='word_1_46' title='bbox 225 785 322 863; x_wconf 91' lang='lat' dir='ltr'><strong>potius</strong></span> <span class='ocrx_word' id='word_1_47' title='bbox 344 800 429 861; x_wconf 87' lang='lat' dir='ltr'><strong>quam</strong></span> <span class='ocrx_word' id='word_1_48' title='bbox 450 791 621 843; x_wconf 79' lang='lat' dir='ltr'><strong>retrorsum.</strong></span> <span class='ocrx_word' id='word_1_49' title='bbox 678 782 826 856; x_wconf 79' lang='lat' dir='ltr'><strong>Quaedam</strong></span> <span class='ocrx_word' id='word_1_50' title='bbox 849 782 950 843; x_wconf 86' lang='lat' dir='ltr'><strong>ordine</strong></span> <span class='ocrx_word' id='word_1_51' title='bbox 967 794 1133 863; x_wconf 87' lang='lat' dir='ltr'><strong>permutato</strong></span> 
     </span>
     <span class='ocr_line' id='line_1_8' title="bbox 122 867 1133 948; baseline 0 -20"><span class='ocrx_word' id='word_1_52' title='bbox 122 870 191 928; x_wconf 84' lang='lat' dir='ltr'><strong>irunt</strong></span> <span class='ocrx_word' id='word_1_53' title='bbox 212 885 411 948; x_wconf 88' lang='lat' dir='ltr'><strong>supervacua,</strong></span> <span class='ocrx_word' id='word_1_54' title='bbox 439 877 469 927; x_wconf 91' lang='lat' dir='ltr'><strong>ut</strong></span> <span class='ocrx_word' id='word_1_55' title='bbox 489 868 608 947; x_wconf 74' lang='lat' dir='ltr'><strong>fratres</strong></span> <span class='ocrx_word' id='word_1_56' title='bbox 624 867 755 947; x_wconf 79' lang='lat' dir='ltr'><strong>pemiai;</strong></span> <span class='ocrx_word' id='word_1_57' title='bbox 788 868 893 927; x_wconf 90' lang='lat' dir='ltr'><strong>namsi</strong></span> <span class='ocrx_word' id='word_1_58' title='bbox 913 870 1133 946; x_wconf 75' lang='lat' dir='ltr'><strong>praecesserint</strong></span> 
     </span>
     <span class='ocr_line' id='line_1_9' title="bbox 119 949 1133 1032; baseline -0.001 -19"><span class='ocrx_word' id='word_1_59' title='bbox 119 953 250 1032; x_wconf 67' lang='lat' dir='ltr'><strong>pendat:</strong></span> <span class='ocrx_word' id='word_1_60' title='bbox 264 953 381 1032; x_wconf 74' lang='lat' dir='ltr'><strong>fratrea</strong></span> <span class='ocrx_word' id='word_1_61' title='bbox 398 951 506 1013; x_wconf 86' lang='lat' dir='ltr'><strong>addere</strong></span> <span class='ocrx_word' id='word_1_62' title='bbox 524 968 581 1012; x_wconf 94' lang='lat' dir='ltr'><strong>non</strong></span> <span class='ocrx_word' id='word_1_63' title='bbox 599 961 645 1013; x_wconf 89' lang='lat' dir='ltr'><strong>est</strong></span> <span class='ocrx_word' id='word_1_64' title='bbox 661 968 796 1011; x_wconf 88' lang='lat' dir='ltr'><strong>necesse.</strong></span> <span class='ocrx_word' id='word_1_65' title='bbox 830 949 882 1011; x_wconf 85' lang='lat' dir='ltr'><strong>Ilia</strong></span> <span class='ocrx_word' id='word_1_66' title='bbox 901 952 985 1012; x_wconf 89' lang='lat' dir='ltr'><strong>uirnia</strong></span> <span class='ocrx_word' id='word_1_67' title='bbox 1005 970 1133 1030; x_wconf 87' lang='lat' dir='ltr'><strong>quorun-</strong></span> 
     </span>
     <span class='ocr_line' id='line_1_10' title="bbox 121 1034 1132 1113; baseline 0.001 -17"><span class='ocrx_word' id='word_1_68' title='bbox 121 1038 185 1096; x_wconf 86' lang='lat' dir='ltr'><strong>dam</strong></span> <span class='ocrx_word' id='word_1_69' title='bbox 209 1037 261 1097; x_wconf 85' lang='lat' dir='ltr'><strong>iuit</strong></span> <span class='ocrx_word' id='word_1_70' title='bbox 284 1036 468 1113; x_wconf 85' lang='lat' dir='ltr'><strong>observatio,</strong></span> <span class='ocrx_word' id='word_1_71' title='bbox 494 1046 525 1097; x_wconf 90' lang='lat' dir='ltr'><strong>ut</strong></span> <span class='ocrx_word' id='word_1_72' title='bbox 547 1034 691 1097; x_wconf 86' lang='lat' dir='ltr'><strong>vocabula</strong></span> <span class='ocrx_word' id='word_1_73' title='bbox 711 1034 825 1111; x_wconf 87' lang='lat' dir='ltr'><strong>verbis,</strong></span> <span class='ocrx_word' id='word_1_74' title='bbox 849 1034 939 1096; x_wconf 90' lang='lat' dir='ltr'><strong>verba</strong></span> <span class='ocrx_word' id='word_1_75' title='bbox 959 1053 1059 1096; x_wconf 90' lang='lat' dir='ltr'><strong>rursus</strong></span> <span class='ocrx_word' id='word_1_76' title='bbox 1081 1037 1132 1097; x_wconf 93' lang='lat' dir='ltr'><strong>ad·</strong></span> 
     </span>
     <span class='ocr_line' id='line_1_11' title="bbox 64 1118 1131 1199; baseline 0 -19"><span class='ocrx_word' id='word_1_77' title='bbox 64 1176 70 1187; x_wconf 82' lang='grc'><em>,</em></span> <span class='ocrx_word' id='word_1_78' title='bbox 121 1120 245 1197; x_wconf 86' lang='lat' dir='ltr'><strong>verhiis,</strong></span> <span class='ocrx_word' id='word_1_79' title='bbox 276 1121 389 1181; x_wconf 88' lang='lat' dir='ltr'><strong>nomina</strong></span> <span class='ocrx_word' id='word_1_80' title='bbox 421 1122 563 1199; x_wconf 87' lang='lat' dir='ltr'><strong>appositis</strong></span> <span class='ocrx_word' id='word_1_81' title='bbox 590 1130 620 1180; x_wconf 88' lang='lat' dir='ltr'><strong>et</strong></span> <span class='ocrx_word' id='word_1_82' title='bbox 646 1118 863 1199; x_wconf 80' lang='lat' dir='ltr'><strong>pronominibus</strong></span> <span class='ocrx_word' id='word_1_83' title='bbox 893 1130 993 1181; x_wconf 90' lang='lat' dir='ltr'><strong>essent</strong></span> <span class='ocrx_word' id='word_1_84' title='bbox 1019 1121 1131 1198; x_wconf 87' lang='lat' dir='ltr'><strong>priora.</strong></span> 
     </span>
     <span class='ocr_line' id='line_1_12' title="bbox 79 1203 1133 1285; baseline -0.004 -17"><span class='ocrx_word' id='word_1_85' title='bbox 79 1204 191 1268; x_wconf 77' lang='lat' dir='ltr'><strong>25Nam</strong></span> <span class='ocrx_word' id='word_1_86' title='bbox 213 1205 243 1265; x_wconf 85' lang='lat' dir='ltr'><strong>iit</strong></span> <span class='ocrx_word' id='word_1_87' title='bbox 262 1214 362 1265; x_wconf 86' lang='lat' dir='ltr'><strong>contra</strong></span> <span class='ocrx_word' id='word_1_88' title='bbox 384 1222 502 1285; x_wconf 90' lang='lat' dir='ltr'><strong>quoque</strong></span> <span class='ocrx_word' id='word_1_89' title='bbox 523 1206 693 1284; x_wconf 82' lang='lat' dir='ltr'><strong>frequenter</strong></span> <span class='ocrx_word' id='word_1_90' title='bbox 714 1221 772 1264; x_wconf 94' lang='lat' dir='ltr'><strong>non</strong></span> <span class='ocrx_word' id='word_1_91' title='bbox 794 1203 943 1265; x_wconf 79' lang='lat' dir='ltr'><strong>indecore.</strong></span> <span class='ocrx_word' id='word_1_92' title='bbox 988 1203 1133 1266; x_wconf 91' lang='lat' dir='ltr'><strong>Necnon</strong></span> 
     </span>
     <span class='ocr_line' id='line_1_13' title="bbox 122 1287 1133 1368; baseline 0.001 -19"><span class='ocrx_word' id='word_1_93' title='bbox 122 1299 151 1349; x_wconf 90' lang='lat' dir='ltr'><strong>et</strong></span> <span class='ocrx_word' id='word_1_94' title='bbox 166 1289 236 1350; x_wconf 91' lang='lat' dir='ltr'><strong>iilud</strong></span> <span class='ocrx_word' id='word_1_95' title='bbox 258 1291 362 1349; x_wconf 88' lang='lat' dir='ltr'><strong>nimiae</strong></span> <span class='ocrx_word' id='word_1_96' title='bbox 378 1290 609 1367; x_wconf 84' lang='lat' dir='ltr'><strong>superstitionis,</strong></span> <span class='ocrx_word' id='word_1_97' title='bbox 633 1287 680 1348; x_wconf 90' lang='lat' dir='ltr'><strong>uti</strong></span> <span class='ocrx_word' id='word_1_98' title='bbox 692 1306 827 1368; x_wconf 83' lang='lat' dir='ltr'><strong>quaeque</strong></span> <span class='ocrx_word' id='word_1_99' title='bbox 843 1290 899 1349; x_wconf 90' lang='lat' dir='ltr'><strong>sint</strong></span> <span class='ocrx_word' id='word_1_100' title='bbox 919 1297 1070 1368; x_wconf 88' lang='lat' dir='ltr'><strong>ternpore,</strong></span> <span class='ocrx_word' id='word_1_101' title='bbox 1096 1307 1133 1350; x_wconf 90' lang='lat' dir='ltr'><strong>ea</strong></span> 
     </span>
     <span class='ocr_line' id='line_1_14' title="bbox 122 1372 1131 1452; baseline 0.002 -20"><span class='ocrx_word' id='word_1_102' title='bbox 122 1374 221 1434; x_wconf 86' lang='lat' dir='ltr'><strong>iacere</strong></span> <span class='ocrx_word' id='word_1_103' title='bbox 240 1375 326 1434; x_wconf 89' lang='lat' dir='ltr'><strong>etiarn</strong></span> <span class='ocrx_word' id='word_1_104' title='bbox 342 1374 443 1434; x_wconf 90' lang='lat' dir='ltr'><strong>ordine</strong></span> <span class='ocrx_word' id='word_1_105' title='bbox 459 1375 572 1451; x_wconf 89' lang='lat' dir='ltr'><strong>priora;</strong></span> <span class='ocrx_word' id='word_1_106' title='bbox 600 1391 658 1433; x_wconf 92' lang='lat' dir='ltr'><strong>non</strong></span> <span class='ocrx_word' id='word_1_107' title='bbox 674 1375 742 1451; x_wconf 88' lang='lat' dir='ltr'><strong>quin</strong></span> <span class='ocrx_word' id='word_1_108' title='bbox 757 1373 928 1452; x_wconf 84' lang='lat' dir='ltr'><strong>frequenter</strong></span> <span class='ocrx_word' id='word_1_109' title='bbox 942 1373 980 1432; x_wconf 89' lang='lat' dir='ltr'><strong>sit</strong></span> <span class='ocrx_word' id='word_1_110' title='bbox 996 1372 1054 1432; x_wconf 87' lang='lat' dir='ltr'><strong>hoc</strong></span> <span class='ocrx_word' id='word_1_111' title='bbox 1069 1392 1131 1434; x_wconf 90' lang='lat' dir='ltr'><strong>me·</strong></span> 
     </span>
     <span class='ocr_line' id='line_1_15' title="bbox 14 1457 1131 1536; baseline 0.002 -20"><span class='ocrx_word' id='word_1_112' title='bbox 14 1528 16 1532; x_wconf 22' lang='lat'>¹</span> <span class='ocrx_word' id='word_1_113' title='bbox 121 1457 192 1534; x_wconf 87' lang='lat' dir='ltr'><strong>lius,</strong></span> <span class='ocrx_word' id='word_1_114' title='bbox 209 1457 262 1517; x_wconf 90' lang='lat' dir='ltr'><strong>sed</strong></span> <span class='ocrx_word' id='word_1_115' title='bbox 278 1458 344 1536; x_wconf 88' lang='lat' dir='ltr'><strong>quia</strong></span> <span class='ocrx_word' id='word_1_116' title='bbox 360 1458 472 1517; x_wconf 90' lang='lat' dir='ltr'><strong>interim</strong></span> <span class='ocrx_word' id='word_1_117' title='bbox 487 1457 553 1536; x_wconf 90' lang='lat' dir='ltr'><strong>plus</strong></span> <span class='ocrx_word' id='word_1_118' title='bbox 565 1458 663 1518; x_wconf 87' lang='lat' dir='ltr'><strong>valent</strong></span> <span class='ocrx_word' id='word_1_119' title='bbox 675 1465 741 1517; x_wconf 91' lang='lat' dir='ltr'><strong>ante</strong></span> <span class='ocrx_word' id='word_1_120' title='bbox 756 1466 857 1534; x_wconf 83' lang='lat' dir='ltr'><strong>gesta,</strong></span> <span class='ocrx_word' id='word_1_121' title='bbox 873 1458 1001 1536; x_wconf 89' lang='lat' dir='ltr'><strong>ideoque</strong></span> <span class='ocrx_word' id='word_1_122' title='bbox 1012 1457 1131 1518; x_wconf 87' lang='lat' dir='ltr'><strong>leviori·</strong></span> 
     </span>
     <span class='ocr_line' id='line_1_16' title="bbox 79 1540 1132 1620; baseline 0.002 -20"><span class='ocrx_word' id='word_1_123' title='bbox 79 1541 174 1607; x_wconf 70' lang='lat' dir='ltr'><strong>atibus</strong></span> <span class='ocrx_word' id='word_1_124' title='bbox 196 1542 419 1620; x_wconf 90' lang='lat' dir='ltr'><strong>superponenda</strong></span> <span class='ocrx_word' id='word_1_125' title='bbox 441 1550 515 1601; x_wconf 91' lang='lat' dir='ltr'><strong>sunt.</strong></span> <span class='ocrx_word' id='word_1_126' title='bbox 557 1541 657 1602; x_wconf 88' lang='lat' dir='ltr'><strong>Verbo</strong></span> <span class='ocrx_word' id='word_1_127' title='bbox 681 1559 797 1601; x_wconf 86' lang='lat' dir='ltr'><strong>sensum</strong></span> <span class='ocrx_word' id='word_1_128' title='bbox 819 1540 955 1617; x_wconf 84' lang='lat' dir='ltr'><strong>cludere,</strong></span> <span class='ocrx_word' id='word_1_129' title='bbox 980 1542 1085 1618; x_wconf 89' lang='lat' dir='ltr'><strong>multo,</strong></span> <span class='ocrx_word' id='word_1_130' title='bbox 1106 1545 1132 1602; x_wconf 91' lang='lat' dir='ltr'><strong>si</strong></span> 
     </span>
     <span class='ocr_line' id='line_1_17' title="bbox 122 1623 1133 1703; baseline 0.003 -20"><span class='ocrx_word' id='word_1_131' title='bbox 122 1627 296 1703; x_wconf 88' lang='lat' dir='ltr'><strong>compositio</strong></span> <span class='ocrx_word' id='word_1_132' title='bbox 316 1627 456 1703; x_wconf 86' lang='lat' dir='ltr'><strong>patiatur,</strong></span> <span class='ocrx_word' id='word_1_133' title='bbox 480 1627 616 1703; x_wconf 90' lang='lat' dir='ltr'><strong>optimum</strong></span> <span class='ocrx_word' id='word_1_134' title='bbox 631 1635 685 1685; x_wconf 88' lang='lat' dir='ltr'><strong>est.</strong></span> <span class='ocrx_word' id='word_1_135' title='bbox 730 1623 762 1684; x_wconf 89' lang='lat' dir='ltr'><strong>ln</strong></span> <span class='ocrx_word' id='word_1_136' title='bbox 777 1625 875 1685; x_wconf 88' lang='lat' dir='ltr'><strong>verbis</strong></span> <span class='ocrx_word' id='word_1_137' title='bbox 892 1627 966 1685; x_wconf 85' lang='lat' dir='ltr'><strong>eninr</strong></span> <span class='ocrx_word' id='word_1_138' title='bbox 986 1628 1133 1686; x_wconf 88' lang='lat' dir='ltr'><strong>sermonis</strong></span> 
     </span>
     <span class='ocr_line' id='line_1_18' title="bbox 121 1709 1131 1788; baseline 0.002 -20"><span class='ocrx_word' id='word_1_139' title='bbox 121 1712 164 1769; x_wconf 88' lang='lat' dir='ltr'><strong>vis</strong></span> <span class='ocrx_word' id='word_1_140' title='bbox 187 1718 241 1768; x_wconf 88' lang='lat' dir='ltr'><strong>est.</strong></span> <span class='ocrx_word' id='word_1_141' title='bbox 286 1710 317 1770; x_wconf 83' lang='lat' dir='ltr'><strong>st</strong></span> <span class='ocrx_word' id='word_1_142' title='bbox 340 1709 368 1770; x_wconf 91' lang='lat' dir='ltr'><strong>id</strong></span> <span class='ocrx_word' id='word_1_143' title='bbox 386 1728 520 1788; x_wconf 87' lang='lat' dir='ltr'><strong>asperum</strong></span> <span class='ocrx_word' id='word_1_144' title='bbox 537 1711 606 1786; x_wconf 88' lang='lat' dir='ltr'><strong>erit,</strong></span> <span class='ocrx_word' id='word_1_145' title='bbox 630 1710 716 1770; x_wconf 91' lang='lat' dir='ltr'><strong>cedet</strong></span> <span class='ocrx_word' id='word_1_146' title='bbox 735 1709 809 1769; x_wconf 89' lang='lat' dir='ltr'><strong>haec</strong></span> <span class='ocrx_word' id='word_1_147' title='bbox 832 1712 905 1769; x_wconf 91' lang='lat' dir='ltr'><strong>ratio</strong></span> <span class='ocrx_word' id='word_1_148' title='bbox 928 1712 1070 1786; x_wconf 87' lang='lat' dir='ltr'><strong>numeris,</strong></span> <span class='ocrx_word' id='word_1_149' title='bbox 1100 1720 1131 1770; x_wconf 88' lang='lat' dir='ltr'><strong>ut</strong></span> 
     </span>
     <span class='ocr_line' id='line_1_19' title="bbox 122 1793 1130 1874; baseline -0.001 -21"><span class='ocrx_word' id='word_1_150' title='bbox 122 1794 151 1853; x_wconf 85' lang='lat' dir='ltr'><strong>fit</strong></span> <span class='ocrx_word' id='word_1_151' title='bbox 168 1793 242 1872; x_wconf 91' lang='lat' dir='ltr'><strong>apud</strong></span> <span class='ocrx_word' id='word_1_152' title='bbox 260 1811 385 1858; x_wconf 89' lang='lat' dir='ltr'><strong>summos</strong></span> <span class='ocrx_word' id='word_1_153' title='bbox 398 1793 528 1854; x_wconf 87' lang='lat' dir='ltr'><strong>Graecos</strong></span> <span class='ocrx_word' id='word_1_154' title='bbox 543 1794 718 1874; x_wconf 83' lang='lat' dir='ltr'><strong>Latinosque</strong></span> <span class='ocrx_word' id='word_1_155' title='bbox 734 1802 868 1854; x_wconf 90' lang='lat' dir='ltr'><strong>oratores</strong></span> <span class='ocrx_word' id='word_1_156' title='bbox 882 1794 1130 1873; x_wconf 80' lang='lat' dir='ltr'><strong>frequentissime.</strong></span> 
     </span>
     <span class='ocr_line' id='line_1_20' title="bbox 121 1876 1130 1957; baseline 0 -20"><span class='ocrx_word' id='word_1_157' title='bbox 121 1880 189 1938; x_wconf 89' lang='lat' dir='ltr'><strong>Siue</strong></span> <span class='ocrx_word' id='word_1_158' title='bbox 204 1876 289 1937; x_wconf 87' lang='lat' dir='ltr'><strong>dubio</strong></span> <span class='ocrx_word' id='word_1_159' title='bbox 302 1879 356 1938; x_wconf 90' lang='lat' dir='ltr'><strong>erit</strong></span> <span class='ocrx_word' id='word_1_160' title='bbox 368 1896 469 1953; x_wconf 85' lang='lat' dir='ltr'><strong>ornae,</strong></span> <span class='ocrx_word' id='word_1_161' title='bbox 482 1878 560 1956; x_wconf 87' lang='lat' dir='ltr'><strong>quod</strong></span> <span class='ocrx_word' id='word_1_162' title='bbox 575 1894 632 1938; x_wconf 93' lang='lat' dir='ltr'><strong>non</strong></span> <span class='ocrx_word' id='word_1_163' title='bbox 649 1879 762 1953; x_wconf 90' lang='lat' dir='ltr'><strong>cludet,</strong></span> <span class='ocrx_word' id='word_1_164' title='bbox 778 1876 977 1957; x_wconf 71' lang='lat' dir='ltr'><strong>hyperbaton,</strong></span> <span class='ocrx_word' id='word_1_165' title='bbox 992 1887 1021 1938; x_wconf 91' lang='lat' dir='ltr'><strong>et</strong></span> <span class='ocrx_word' id='word_1_166' title='bbox 1035 1879 1130 1957; x_wconf 89' lang='lat' dir='ltr'><strong>ipsum</strong></span> 
     </span>
     <span class='ocr_line' id='line_1_21' title="bbox 121 1961 1130 2042; baseline 0.002 -21"><span class='ocrx_word' id='word_1_167' title='bbox 121 1961 177 2021; x_wconf 91' lang='lat' dir='ltr'><strong>hoc</strong></span> <span class='ocrx_word' id='word_1_168' title='bbox 200 1965 275 2022; x_wconf 87' lang='lat' dir='ltr'><strong>inter</strong></span> <span class='ocrx_word' id='word_1_169' title='bbox 299 1971 400 2041; x_wconf 88' lang='lat' dir='ltr'><strong>tropos</strong></span> <span class='ocrx_word' id='word_1_170' title='bbox 423 1962 471 2023; x_wconf 86' lang='lat' dir='ltr'><strong>vel</strong></span> <span class='ocrx_word' id='word_1_171' title='bbox 493 1962 616 2040; x_wconf 80' lang='lat' dir='ltr'><strong>figuras,</strong></span> <span class='ocrx_word' id='word_1_172' title='bbox 638 1981 713 2042; x_wconf 86' lang='lat' dir='ltr'><strong>quae</strong></span> <span class='ocrx_word' id='word_1_173' title='bbox 734 1970 800 2021; x_wconf 91' lang='lat' dir='ltr'><strong>sunt</strong></span> <span class='ocrx_word' id='word_1_174' title='bbox 819 1963 949 2038; x_wconf 81' lang='lat' dir='ltr'><strong>virtutis,</strong></span> <span class='ocrx_word' id='word_1_175' title='bbox 977 1972 1130 2041; x_wconf 87' lang='lat' dir='ltr'><strong>receptum</strong></span> 
     </span>
     <span class='ocr_line' id='line_1_22' title="bbox 79 2045 1129 2126; baseline 0.002 -21"><span class='ocrx_word' id='word_1_176' title='bbox 79 2052 174 2108; x_wconf 75' lang='lat' dir='ltr'><strong>otest.</strong></span> <span class='ocrx_word' id='word_1_177' title='bbox 219 2045 284 2107; x_wconf 90' lang='lat' dir='ltr'><strong>Non</strong></span> <span class='ocrx_word' id='word_1_178' title='bbox 303 2049 376 2106; x_wconf 85' lang='lat' dir='ltr'><strong>eninr</strong></span> <span class='ocrx_word' id='word_1_179' title='bbox 397 2046 432 2106; x_wconf 91' lang='lat' dir='ltr'><strong>ad</strong></span> <span class='ocrx_word' id='word_1_180' title='bbox 453 2047 545 2126; x_wconf 86' lang='lat' dir='ltr'><strong>pedes</strong></span> <span class='ocrx_word' id='word_1_181' title='bbox 566 2047 656 2107; x_wconf 90' lang='lat' dir='ltr'><strong>verba</strong></span> <span class='ocrx_word' id='word_1_182' title='bbox 679 2047 806 2107; x_wconf 89' lang='lat' dir='ltr'><strong>dimensa</strong></span> <span class='ocrx_word' id='word_1_183' title='bbox 831 2055 911 2123; x_wconf 92' lang='lat' dir='ltr'><strong>sunt,</strong></span> <span class='ocrx_word' id='word_1_184' title='bbox 940 2046 1067 2126; x_wconf 81' lang='lat' dir='ltr'><strong>ideoque</strong></span> <span class='ocrx_word' id='word_1_185' title='bbox 1091 2065 1129 2107; x_wconf 87' lang='lat' dir='ltr'><strong>ex</strong></span> 
     </span>
     <span class='ocr_line' id='line_1_23' title="bbox 121 2130 1131 2210; baseline 0.002 -22"><span class='ocrx_word' id='word_1_186' title='bbox 121 2130 188 2189; x_wconf 91' lang='lat' dir='ltr'><strong>ioco</strong></span> <span class='ocrx_word' id='word_1_187' title='bbox 209 2130 421 2197; x_wconf 79' lang='lat' dir='ltr'><strong>transferuntur</strong></span> <span class='ocrx_word' id='word_1_188' title='bbox 444 2131 609 2207; x_wconf 87' lang='lat' dir='ltr'><strong>inlocum,</strong></span> <span class='ocrx_word' id='word_1_189' title='bbox 637 2140 667 2192; x_wconf 95' lang='lat' dir='ltr'><strong>ut</strong></span> <span class='ocrx_word' id='word_1_190' title='bbox 695 2132 862 2208; x_wconf 80' lang='lat' dir='ltr'><strong>iungantur,</strong></span> <span class='ocrx_word' id='word_1_191' title='bbox 888 2147 944 2210; x_wconf 88' lang='lat' dir='ltr'><strong>quo</strong></span> <span class='ocrx_word' id='word_1_192' title='bbox 967 2141 1131 2208; x_wconf 82' lang='lat' dir='ltr'><strong>congruunt</strong></span> 
     </span>
     <span class='ocr_line' id='line_1_24' title="bbox 120 2214 1129 2294; baseline 0.004 -22"><span class='ocrx_word' id='word_1_193' title='bbox 120 2214 252 2273; x_wconf 86' lang='lat' dir='ltr'><strong>maxime.</strong></span> <span class='ocrx_word' id='word_1_194' title='bbox 309 2215 390 2275; x_wconf 89' lang='lat' dir='ltr'><strong>Sicut</strong></span> <span class='ocrx_word' id='word_1_195' title='bbox 419 2216 447 2272; x_wconf 93' lang='lat' dir='ltr'><strong>in</strong></span> <span class='ocrx_word' id='word_1_196' title='bbox 473 2224 616 2274; x_wconf 87' lang='lat' dir='ltr'><strong>structura</strong></span> <span class='ocrx_word' id='word_1_197' title='bbox 641 2232 776 2275; x_wconf 82' lang='lat' dir='ltr'><strong>sanorum</strong></span> <span class='ocrx_word' id='word_1_198' title='bbox 808 2215 918 2276; x_wconf 89' lang='lat' dir='ltr'><strong>rudium</strong></span> <span class='ocrx_word' id='word_1_199' title='bbox 947 2218 1032 2276; x_wconf 90' lang='lat' dir='ltr'><strong>etiam</strong></span> <span class='ocrx_word' id='word_1_200' title='bbox 1065 2216 1129 2294; x_wconf 87' lang='lat' dir='ltr'><strong>ipsa</strong></span> 
     </span>
     <span class='ocr_line' id='line_1_25' title="bbox 122 2299 1128 2378; baseline 0.003 -23"><span class='ocrx_word' id='word_1_201' title='bbox 122 2300 277 2358; x_wconf 83' lang='lat' dir='ltr'><strong>enormitas</strong></span> <span class='ocrx_word' id='word_1_202' title='bbox 305 2299 430 2373; x_wconf 89' lang='lat' dir='ltr'><strong>invenit,</strong></span> <span class='ocrx_word' id='word_1_203' title='bbox 459 2300 504 2358; x_wconf 90' lang='lat' dir='ltr'><strong>cui</strong></span> <span class='ocrx_word' id='word_1_204' title='bbox 528 2299 667 2378; x_wconf 86' lang='lat' dir='ltr'><strong>applicari</strong></span> <span class='ocrx_word' id='word_1_205' title='bbox 692 2310 721 2359; x_wconf 85' lang='lat' dir='ltr'><strong>et</strong></span> <span class='ocrx_word' id='word_1_206' title='bbox 742 2301 844 2378; x_wconf 88' lang='lat' dir='ltr'><strong>inquo</strong></span> <span class='ocrx_word' id='word_1_207' title='bbox 867 2301 961 2378; x_wconf 88' lang='lat' dir='ltr'><strong>possit</strong></span> <span class='ocrx_word' id='word_1_208' title='bbox 980 2301 1128 2360; x_wconf 87' lang='lat' dir='ltr'><strong>insistere.</strong></span> 
     </span>
     <span class='ocr_line' id='line_1_26' title="bbox 120 2380 1128 2463; baseline 0.004 -23"><span class='ocrx_word' id='word_1_209' title='bbox 120 2380 318 2441; x_wconf 85' lang='lat' dir='ltr'><strong>Felicissimus</strong></span> <span class='ocrx_word' id='word_1_210' title='bbox 336 2389 430 2442; x_wconf 90' lang='lat' dir='ltr'><strong>tamen</strong></span> <span class='ocrx_word' id='word_1_211' title='bbox 451 2399 547 2442; x_wconf 89' lang='lat' dir='ltr'><strong>sermo</strong></span> <span class='ocrx_word' id='word_1_212' title='bbox 571 2392 634 2460; x_wconf 85' lang='lat' dir='ltr'><strong>est,</strong></span> <span class='ocrx_word' id='word_1_213' title='bbox 663 2386 708 2444; x_wconf 90' lang='lat' dir='ltr'><strong>cui</strong></span> <span class='ocrx_word' id='word_1_214' title='bbox 735 2392 764 2443; x_wconf 87' lang='lat' dir='ltr'><strong>et</strong></span> <span class='ocrx_word' id='word_1_215' title='bbox 790 2392 889 2444; x_wconf 90' lang='lat' dir='ltr'><strong>rectus</strong></span> <span class='ocrx_word' id='word_1_216' title='bbox 916 2384 988 2444; x_wconf 93' lang='lat' dir='ltr'><strong>ordo</strong></span> <span class='ocrx_word' id='word_1_217' title='bbox 1010 2393 1040 2444; x_wconf 89' lang='lat' dir='ltr'><strong>et</strong></span> <span class='ocrx_word' id='word_1_218' title='bbox 1061 2393 1128 2463; x_wconf 91' lang='lat' dir='ltr'><strong>apta</strong></span> 
     </span>
     <span class='ocr_line' id='line_1_27' title="bbox 120 2465 1129 2546; baseline 0.004 -22"><span class='ocrx_word' id='word_1_219' title='bbox 120 2465 250 2526; x_wconf 89' lang='lat' dir='ltr'><strong>iunctura</strong></span> <span class='ocrx_word' id='word_1_220' title='bbox 279 2475 309 2526; x_wconf 90' lang='lat' dir='ltr'><strong>et</strong></span> <span class='ocrx_word' id='word_1_221' title='bbox 336 2484 399 2526; x_wconf 89' lang='lat' dir='ltr'><strong>curn</strong></span> <span class='ocrx_word' id='word_1_222' title='bbox 433 2467 478 2527; x_wconf 87' lang='lat' dir='ltr'><strong>his</strong></span> <span class='ocrx_word' id='word_1_223' title='bbox 505 2485 639 2527; x_wconf 89' lang='lat' dir='ltr'><strong>numerus</strong></span> <span class='ocrx_word' id='word_1_224' title='bbox 667 2476 831 2546; x_wconf 86' lang='lat' dir='ltr'><strong>opportune</strong></span> <span class='ocrx_word' id='word_1_225' title='bbox 858 2467 965 2530; x_wconf 89' lang='lat' dir='ltr'><strong>cadens</strong></span> <span class='ocrx_word' id='word_1_226' title='bbox 995 2469 1129 2546; x_wconf 80' lang='lat' dir='ltr'><strong>contigit.</strong></span> 
     </span>
     <span class='ocr_line' id='line_1_28' title="bbox 77 2547 1128 2629; baseline 0.004 -21"><span class='ocrx_word' id='word_1_227' title='bbox 77 2554 112 2609; x_wconf 78' lang='lat'><strong>28</strong></span> <span class='ocrx_word' id='word_1_228' title='bbox 120 2547 268 2622; x_wconf 81' lang='lat' dir='ltr'><strong>Quaedam</strong></span> <span class='ocrx_word' id='word_1_229' title='bbox 283 2568 356 2610; x_wconf 84' lang='lat' dir='ltr'><strong>vero</strong></span> <span class='ocrx_word' id='word_1_230' title='bbox 377 2552 626 2628; x_wconf 79' lang='lat' dir='ltr'><strong>transgressiones</strong></span> <span class='ocrx_word' id='word_1_231' title='bbox 645 2560 674 2611; x_wconf 90' lang='lat' dir='ltr'><strong>et</strong></span> <span class='ocrx_word' id='word_1_232' title='bbox 698 2552 805 2629; x_wconf 81' lang='lat' dir='ltr'><strong>longae</strong></span> <span class='ocrx_word' id='word_1_233' title='bbox 825 2561 891 2612; x_wconf 91' lang='lat' dir='ltr'><strong>sunt</strong></span> <span class='ocrx_word' id='word_1_234' title='bbox 905 2553 1002 2628; x_wconf 87' lang='lat' dir='ltr'><strong>nimis,</strong></span> <span class='ocrx_word' id='word_1_235' title='bbox 1028 2561 1059 2612; x_wconf 89' lang='lat' dir='ltr'><strong>ut</strong></span> <span class='ocrx_word' id='word_1_236' title='bbox 1080 2570 1128 2612; x_wconf 89' lang='lat' dir='ltr'><strong>su·</strong></span> 
     </span>
     <span class='ocr_line' id='line_1_29' title="bbox 121 2633 1128 2717; baseline 0.003 -25"><span class='ocrx_word' id='word_1_237' title='bbox 121 2633 285 2710; x_wconf 83' lang='lat' dir='ltr'><strong>parionibus</strong></span> <span class='ocrx_word' id='word_1_238' title='bbox 307 2635 429 2695; x_wconf 86' lang='lat' dir='ltr'><strong>diximus</strong></span> <span class='ocrx_word' id='word_1_239' title='bbox 445 2635 543 2711; x_wconf 88' lang='lat' dir='ltr'><strong>libris,</strong></span> <span class='ocrx_word' id='word_1_240' title='bbox 569 2645 599 2696; x_wconf 89' lang='lat' dir='ltr'><strong>et</strong></span> <span class='ocrx_word' id='word_1_241' title='bbox 619 2637 731 2696; x_wconf 88' lang='lat' dir='ltr'><strong>interim</strong></span> <span class='ocrx_word' id='word_1_242' title='bbox 752 2637 836 2696; x_wconf 90' lang='lat' dir='ltr'><strong>etiam</strong></span> <span class='ocrx_word' id='word_1_243' title='bbox 858 2637 1071 2717; x_wconf 86' lang='lat' dir='ltr'><strong>compositione</strong></span> <span class='ocrx_word' id='word_1_244' title='bbox 1085 2637 1128 2696; x_wconf 84' lang='lat' dir='ltr'><strong>vi·</strong></span> 
     </span>
     <span class='ocr_line' id='line_1_30' title="bbox 121 2719 1127 2801; baseline 0.003 -25"><span class='ocrx_word' id='word_1_245' title='bbox 121 2719 230 2795; x_wconf 87' lang='lat' dir='ltr'><strong>tiosae,</strong></span> <span class='ocrx_word' id='word_1_246' title='bbox 254 2737 329 2798; x_wconf 89' lang='lat' dir='ltr'><strong>quae</strong></span> <span class='ocrx_word' id='word_1_247' title='bbox 345 2721 373 2779; x_wconf 94' lang='lat' dir='ltr'><strong>in</strong></span> <span class='ocrx_word' id='word_1_248' title='bbox 391 2719 448 2779; x_wconf 91' lang='lat' dir='ltr'><strong>hoc</strong></span> <span class='ocrx_word' id='word_1_249' title='bbox 464 2721 557 2797; x_wconf 87' lang='lat' dir='ltr'><strong>ipsum</strong></span> <span class='ocrx_word' id='word_1_250' title='bbox 571 2728 721 2799; x_wconf 87' lang='lat' dir='ltr'><strong>petuntur,</strong></span> <span class='ocrx_word' id='word_1_251' title='bbox 745 2729 776 2779; x_wconf 90' lang='lat' dir='ltr'><strong>ut</strong></span> <span class='ocrx_word' id='word_1_252' title='bbox 792 2720 924 2781; x_wconf 83' lang='lat' dir='ltr'><strong>exultent</strong></span> <span class='ocrx_word' id='word_1_253' title='bbox 939 2729 1026 2801; x_wconf 83' lang='lat' dir='ltr'><strong>atque</strong></span> <span class='ocrx_word' id='word_1_254' title='bbox 1041 2720 1127 2781; x_wconf 90' lang='lat' dir='ltr'><strong>lasci-</strong></span> 
     </span>
     <span class='ocr_line' id='line_1_31' title="bbox 120 2802 1128 2884; baseline 0.006 -26"><span class='ocrx_word' id='word_1_255' title='bbox 120 2802 212 2861; x_wconf 91' lang='lat' dir='ltr'><strong>viant:</strong></span> <span class='ocrx_word' id='word_1_256' title='bbox 239 2803 340 2881; x_wconf 88' lang='lat' dir='ltr'><strong>quales</strong></span> <span class='ocrx_word' id='word_1_257' title='bbox 361 2803 429 2863; x_wconf 90' lang='lat' dir='ltr'><strong>illae</strong></span> <span class='ocrx_word' id='word_1_258' title='bbox 452 2802 646 2879; x_wconf 83' lang='lat' dir='ltr'><strong>Maecenatis,</strong></span> <span class='ocrx_word' id='word_1_259' title='bbox 665 2802 735 2866; x_wconf 84' lang='lat' dir='ltr'><strong>Sole</strong></span> <span class='ocrx_word' id='word_1_260' title='bbox 757 2812 786 2866; x_wconf 83' lang='lat' dir='ltr'><strong>et</strong></span> <span class='ocrx_word' id='word_1_261' title='bbox 804 2823 922 2867; x_wconf 81' lang='lat' dir='ltr'><strong>aurora</strong></span> <span class='ocrx_word' id='word_1_262' title='bbox 936 2807 1045 2867; x_wconf 80' lang='lat' dir='ltr'><strong>rudent</strong></span> <span class='ocrx_word' id='word_1_263' title='bbox 1055 2805 1128 2884; x_wconf 84' lang='lat' dir='ltr'><strong>plc-</strong></span> 
     </span>
     <span class='ocr_line' id='line_1_32' title="bbox 120 2885 1129 2969; baseline 0.006 -25"><span class='ocrx_word' id='word_1_264' title='bbox 120 2887 209 2946; x_wconf 78' lang='lat' dir='ltr'><strong>au&#39;mo.</strong></span> <span class='ocrx_word' id='word_1_265' title='bbox 254 2885 341 2947; x_wconf 80' lang='lat' dir='ltr'><strong>later</strong></span> <span class='ocrx_word' id='word_1_266' title='bbox 365 2905 462 2949; x_wconf 83' lang='lat' dir='ltr'><strong>sacro</strong></span> <span class='ocrx_word' id='word_1_267' title='bbox 486 2891 575 2950; x_wconf 82' lang='lat' dir='ltr'><strong>mouit</strong></span> <span class='ocrx_word' id='word_1_268' title='bbox 600 2906 683 2968; x_wconf 83' lang='lat' dir='ltr'><strong>aquo</strong></span> <span class='ocrx_word' id='word_1_269' title='bbox 704 2889 858 2968; x_wconf 68' lang='lat' dir='ltr'><strong>[amoos.</strong></span> <span class='ocrx_word' id='word_1_270' title='bbox 909 2886 956 2952; x_wconf 85' lang='lat' dir='ltr'><strong>Ne</strong></span> <span class='ocrx_word' id='word_1_271' title='bbox 981 2891 1129 2969; x_wconf 71' lang='lat' dir='ltr'><strong>exequias</strong></span> 
     </span>
     <span class='ocr_line' id='line_1_33' title="bbox 121 2971 1129 3047; baseline 0.003 -18"><span class='ocrx_word' id='word_1_272' title='bbox 121 2971 242 3045; x_wconf 77' lang='lat' dir='ltr'><strong>quidem</strong></span> <span class='ocrx_word' id='word_1_273' title='bbox 260 2989 339 3031; x_wconf 83' lang='lat' dir='ltr'><strong>coos</strong></span> <span class='ocrx_word' id='word_1_274' title='bbox 357 2972 438 3032; x_wconf 83' lang='lat' dir='ltr'><strong>inter</strong></span> <span class='ocrx_word' id='word_1_275' title='bbox 452 2974 638 3034; x_wconf 74' lang='lat' dir='ltr'><strong>miserrimos</strong></span> <span class='ocrx_word' id='word_1_276' title='bbox 651 2975 788 3034; x_wconf 84' lang='lat' dir='ltr'><strong>uiderem</strong></span> <span class='ocrx_word' id='word_1_277' title='bbox 809 2991 903 3036; x_wconf 82' lang='lat' dir='ltr'><strong>meus.</strong></span> <span class='ocrx_word' id='word_1_278' title='bbox 949 2972 1033 3047; x_wconf 82' lang='lat' dir='ltr'><strong>Quod</strong></span> <span class='ocrx_word' id='word_1_279' title='bbox 1053 2975 1129 3033; x_wconf 87' lang='lat' dir='ltr'><strong>iuter</strong></span> 
     </span>
     <span class='ocr_line' id='line_1_34' title="bbox 75 3051 1129 3137; baseline 0.002 -23"><span class='ocrx_word' id='word_1_280' title='bbox 75 3051 193 3115; x_wconf 79' lang='lat' dir='ltr'><strong>29haec</strong></span> <span class='ocrx_word' id='word_1_281' title='bbox 211 3055 367 3130; x_wconf 87' lang='lat' dir='ltr'><strong>pessimum</strong></span> <span class='ocrx_word' id='word_1_282' title='bbox 383 3064 443 3131; x_wconf 89' lang='lat' dir='ltr'><strong>est,</strong></span> <span class='ocrx_word' id='word_1_283' title='bbox 459 3056 524 3134; x_wconf 84' lang='lat' dir='ltr'><strong>quia</strong></span> <span class='ocrx_word' id='word_1_284' title='bbox 541 3057 569 3116; x_wconf 92' lang='lat' dir='ltr'><strong>in</strong></span> <span class='ocrx_word' id='word_1_285' title='bbox 584 3074 617 3115; x_wconf 88' lang='lat' dir='ltr'><strong>re</strong></span> <span class='ocrx_word' id='word_1_286' title='bbox 633 3058 707 3117; x_wconf 89' lang='lat' dir='ltr'><strong>tristi</strong></span> <span class='ocrx_word' id='word_1_287' title='bbox 725 3056 796 3117; x_wconf 91' lang='lat' dir='ltr'><strong>ludit</strong></span> <span class='ocrx_word' id='word_1_288' title='bbox 811 3058 995 3137; x_wconf 90' lang='lat' dir='ltr'><strong>compositio.</strong></span> <span class='ocrx_word' id='word_1_289' title='bbox 1030 3056 1129 3136; x_wconf 84' lang='lat' dir='ltr'><strong>Saepe</strong></span> 
     </span>
     <span class='ocr_line' id='line_1_35' title="bbox 121 3136 1128 3221; baseline 0.005 -26"><span class='ocrx_word' id='word_1_290' title='bbox 121 3145 216 3196; x_wconf 90' lang='lat' dir='ltr'><strong>tamen</strong></span> <span class='ocrx_word' id='word_1_291' title='bbox 232 3145 277 3196; x_wconf 88' lang='lat' dir='ltr'><strong>est</strong></span> <span class='ocrx_word' id='word_1_292' title='bbox 291 3136 449 3198; x_wconf 87' lang='lat' dir='ltr'><strong>vehemens</strong></span> <span class='ocrx_word' id='word_1_293' title='bbox 469 3138 573 3218; x_wconf 84' lang='lat' dir='ltr'><strong>aliquis</strong></span> <span class='ocrx_word' id='word_1_294' title='bbox 588 3157 691 3200; x_wconf 90' lang='lat' dir='ltr'><strong>sensus</strong></span> <span class='ocrx_word' id='word_1_295' title='bbox 709 3142 737 3200; x_wconf 90' lang='lat' dir='ltr'><strong>in</strong></span> <span class='ocrx_word' id='word_1_296' title='bbox 752 3140 862 3217; x_wconf 88' lang='lat' dir='ltr'><strong>verbo,</strong></span> <span class='ocrx_word' id='word_1_297' title='bbox 881 3142 999 3221; x_wconf 82' lang='lat' dir='ltr'><strong>quodsi</strong></span> <span class='ocrx_word' id='word_1_298' title='bbox 1021 3142 1050 3200; x_wconf 93' lang='lat' dir='ltr'><strong>in</strong></span> <span class='ocrx_word' id='word_1_299' title='bbox 1068 3159 1128 3200; x_wconf 90' lang='lat' dir='ltr'><strong>me·</strong></span> 
     </span>
     <span class='ocr_line' id='line_1_36' title="bbox 121 3220 1128 3300; baseline 0.004 -20"><span class='ocrx_word' id='word_1_300' title='bbox 121 3220 166 3280; x_wconf 93' lang='lat' dir='ltr'><strong>dia</strong></span> <span class='ocrx_word' id='word_1_301' title='bbox 187 3229 271 3300; x_wconf 88' lang='lat' dir='ltr'><strong>parte</strong></span> <span class='ocrx_word' id='word_1_302' title='bbox 287 3224 450 3284; x_wconf 84' lang='lat' dir='ltr'><strong>sententiae</strong></span> <span class='ocrx_word' id='word_1_303' title='bbox 471 3222 557 3299; x_wconf 88' lang='lat' dir='ltr'><strong>latet,</strong></span> <span class='ocrx_word' id='word_1_304' title='bbox 582 3225 704 3284; x_wconf 88' lang='lat' dir='ltr'><strong>transire</strong></span> <span class='ocrx_word' id='word_1_305' title='bbox 720 3226 907 3286; x_wconf 89' lang='lat' dir='ltr'><strong>intentionem</strong></span> <span class='ocrx_word' id='word_1_306' title='bbox 929 3233 958 3286; x_wconf 90' lang='lat' dir='ltr'><strong>et</strong></span> <span class='ocrx_word' id='word_1_307' title='bbox 976 3223 1128 3285; x_wconf 85' lang='lat' dir='ltr'><strong>obscurari</strong></span> 
     </span>
     <span class='ocr_line' id='line_1_37' title="bbox 121 3303 1127 3388; baseline 0.005 -26"><span class='ocrx_word' id='word_1_308' title='bbox 121 3303 392 3366; x_wconf 87' lang='lat' dir='ltr'><strong>circumiacentibus</strong></span> <span class='ocrx_word' id='word_1_309' title='bbox 413 3305 504 3374; x_wconf 87' lang='lat' dir='ltr'><strong>solet;</strong></span> <span class='ocrx_word' id='word_1_310' title='bbox 541 3307 569 3366; x_wconf 94' lang='lat' dir='ltr'><strong>in</strong></span> <span class='ocrx_word' id='word_1_311' title='bbox 595 3307 724 3368; x_wconf 89' lang='lat' dir='ltr'><strong>clausula</strong></span> <span class='ocrx_word' id='word_1_312' title='bbox 746 3311 871 3388; x_wconf 88' lang='lat' dir='ltr'><strong>positum</strong></span> <span class='ocrx_word' id='word_1_313' title='bbox 893 3310 1059 3387; x_wconf 77' lang='lat' dir='ltr'><strong>assignatur</strong></span> <span class='ocrx_word' id='word_1_314' title='bbox 1078 3327 1127 3368; x_wconf 91' lang='lat' dir='ltr'><strong>au·</strong></span> 
     </span>
     <span class='ocr_line' id='line_1_38' title="bbox 121 3386 1129 3470; baseline 0.008 -25"><span class='ocrx_word' id='word_1_315' title='bbox 121 3386 205 3448; x_wconf 87' lang='lat' dir='ltr'><strong>ditoni</strong></span> <span class='ocrx_word' id='word_1_316' title='bbox 221 3398 251 3448; x_wconf 90' lang='lat' dir='ltr'><strong>et</strong></span> <span class='ocrx_word' id='word_1_317' title='bbox 268 3389 409 3467; x_wconf 78' lang='lat' dir='ltr'><strong>infigitur:</strong></span> <span class='ocrx_word' id='word_1_318' title='bbox 432 3389 519 3470; x_wconf 80' lang='lat' dir='ltr'><strong>quale</strong></span> <span class='ocrx_word' id='word_1_319' title='bbox 534 3391 605 3451; x_wconf 88' lang='lat' dir='ltr'><strong>iilud</strong></span> <span class='ocrx_word' id='word_1_320' title='bbox 622 3401 667 3450; x_wconf 88' lang='lat' dir='ltr'><strong>est</strong></span> <span class='ocrx_word' id='word_1_321' title='bbox 683 3390 852 3469; x_wconf 81' lang='lat' dir='ltr'><strong>Ciceronis,</strong></span> <span class='ocrx_word' id='word_1_322' title='bbox 881 3391 918 3454; x_wconf 86' lang='lat' dir='ltr'><strong>Ut</strong></span> <span class='ocrx_word' id='word_1_323' title='bbox 932 3393 988 3455; x_wconf 77' lang='lat' dir='ltr'><strong>ta&#39;bi</strong></span> <span class='ocrx_word' id='word_1_324' title='bbox 1000 3410 1129 3455; x_wconf 81' lang='lat' dir='ltr'><strong>necesse</strong></span> 
     </span>
     <span class='ocr_line' id='line_1_39' title="bbox 72 3472 1128 3554; baseline 0.006 -25"><span class='ocrx_word' id='word_1_325' title='bbox 72 3478 198 3532; x_wconf 73' lang='lat' dir='ltr'><strong>coesset</strong></span> <span class='ocrx_word' id='word_1_326' title='bbox 212 3474 244 3533; x_wconf 82' lang='lat' dir='ltr'><strong>in</strong></span> <span class='ocrx_word' id='word_1_327' title='bbox 258 3482 423 3551; x_wconf 79' lang='lat' dir='ltr'><strong>conspeetu</strong></span> <span class='ocrx_word' id='word_1_328' title='bbox 436 3475 543 3554; x_wconf 76' lang='lat' dir='ltr'><strong>populi</strong></span> <span class='ocrx_word' id='word_1_329' title='bbox 557 3472 686 3538; x_wconf 72' lang='lat' dir='ltr'><strong>Romana·</strong></span> <span class='ocrx_word' id='word_1_330' title='bbox 696 3494 817 3539; x_wconf 78' lang='lat' dir='ltr'><strong>cornere</strong></span> <span class='ocrx_word' id='word_1_331' title='bbox 828 3478 989 3554; x_wconf 78' lang='lat' dir='ltr'><strong>postridie.</strong></span> <span class='ocrx_word' id='word_1_332' title='bbox 1019 3474 1128 3536; x_wconf 80' lang='lat' dir='ltr'><strong>Trans·</strong></span> 
     </span>
    </p>
   </div>
   <div class='ocr_carea' id='block_1_3' title="bbox 0 0 1208 3854">
    <p class='ocr_par' dir='ltr' id='par_1_3' title="bbox 0 0 1208 3854">
     <span class='ocr_line' id='line_1_40' title="bbox 0 0 1208 3854; baseline 0 2"><span class='ocrx_word' id='word_1_333' title='bbox 0 0 1208 3854; x_wconf 95' lang='lat' dir='ltr'><strong> </strong></span> 
     </span>
    </p>
   </div>
  </div>
 </body>
</html>
