2408 3854
346 205 796 272 ansnonnnonamtma.
1042 200 1079 262 21

70 363 357 438 adeltersamrita,
383 360 451 424 Non
469 369 515 423 εει
529 361 585 423 boc
598 362 733 439 fartam,
751 382 810 424 non
829 372 872 425 ert
887 365 944 426 boc
959 366 1082 446 deposi-

72 456 155 524 tam,
169 465 231 508 non
244 455 290 508 cst
303 447 361 508 boe
378 447 572 508 adulterium.
607 444 723 506 Interim
738 464 755 507 a
773 446 911 525 qualitate
927 449 963 509 ad
978 450 1111 517 linitio-s

72 549 140 591 nem
162 530 364 605 descenditur,
389 538 420 589 nt
442 530 470 588 in
491 528 652 589 actionibus
669 530 845 605 dementiae,
867 532 960 592 malae
977 543 1081 595 tracta-

72 614 177 691 tionis,
204 615 247 674 rei
270 613 406 693 publicae
428 613 541 680 laesae;
568 614 595 672 in
622 613 724 691 quibus
752 616 881 674 sirecte
906 615 982 676 iacta
1003 637 1081 694 esse,

71 715 151 778 qaae
176 698 367 774 obiiciuntur,
391 697 447 757 dici
470 713 527 756 non
550 706 665 775 potest,
688 697 759 758 illud
780 702 939 774 succurrit,
956 699 1023 764 Non
1038 713 1083 765 εει

70 784 155 844 male
181 790 337 858 tractare,
364 782 608 860 rempublicam
632 782 768 843 laedere.
799 780 902 843 Finitio
929 785 1015 861 igitur
1039 789 1082 846 rei

71 868 246 946 propositae
261 867 381 945 propria
397 874 426 924 et
437 864 561 926 dilucida
573 874 603 924 et
618 864 745 926 breviter
760 866 971 944 comprehensa
983 869 1081 930 verbis

72 951 242 1010 enuntiatio.
276 947 397 1010 Constat
412 951 550 1024 maxime,
569 949 644 1009 sicut
660 958 705 1009 est
719 949 843 1025 dictum,
863 969 990 1028 genere,
1014 965 1109 1033 spe-3

74 1035 140 1109 eie,
158 1033 375 1109 differentibus,
392 1035 535 1112 propriis:
559 1042 590 1092 ut
612 1035 636 1093 si
664 1034 745 1093 linias
763 1052 885 1112 equum,
905 1035 990 1113 (noto
1007 1040 1080 1097 enim

70 1119 197 1178 manime
218 1126 282 1178 utar
304 1117 457 1197 exemplo)
483 1134 576 1193 genus
602 1127 648 1177 est
669 1117 786 1192 animal,
808 1120 925 1195 speeies
945 1122 1078 1197 mortale,

70 1201 235 1262 differentia
261 1201 448 1276 irrationale,
479 1201 564 1280 (nam
592 1209 621 1260 et
649 1201 735 1260 bomo
763 1201 885 1262 mortale
906 1206 990 1283 erat)
1013 1223 1080 1283 pro-

71 1286 167 1364 priam
181 1285 321 1345 hinniens.
348 1283 429 1345 Haec
440 1283 591 1345 adhibetur
605 1286 728 1344 orationi
740 1283 870 1362 pluribus
883 1287 987 1345 causis.
1011 1287 1110 1351 Nema

71 1378 131 1428 tum
148 1377 195 1429 εει
218 1377 329 1429 eertum
354 1368 390 1428 de
406 1370 520 1428 nomine
536 1368 589 1427 sed
609 1371 772 1446 quaeritur,
795 1385 870 1446 quae
885 1388 934 1429 res
949 1372 976 1430 ei
994 1371 1083 1431 subii-

71 1452 177 1514 cienda
198 1454 249 1517 sit:
271 1461 329 1512 tum
349 1471 397 1512 res
420 1461 465 1512 εει
486 1452 646 1512 manifesta.
678 1450 715 1512 Et
733 1451 811 1530 quod
825 1455 940 1513 nomine
956 1464 1079 1529 constat,

71 1536 109 1596 de
135 1554 169 1596 re
184 1535 299 1597 dubium
313 1545 382 1610 est,
409 1537 520 1596 interim
540 1536 707 1596 coniectura
730 1545 790 1596 est:
814 1545 845 1595 ut
865 1539 890 1596 si
913 1548 1078 1616 quaeratur,

71 1620 150 1698 qnid
159 1621 200 1681 eit
210 1621 297 1681 desta.
324 1618 414 1696 Nam,
432 1619 519 1698 quiid
535 1628 637 1696 neget,
655 1621 745 1681 deum
756 1622 974 1698 accepiritam
985 1625 1109 1686 omni-5

71 1706 130 1765 buo
143 1705 286 1783 partibus
305 1705 490 1782 immixtam,
507 1720 565 1762 non
579 1702 636 1763 boc
653 1703 744 1777 dicat,
766 1702 868 1764 ialsam
883 1710 950 1765 esse
966 1706 1079 1767 divinae

70 1786 151 1847 illius
174 1795 293 1849 naturae
315 1783 564 1866 appellationem?
587 1789 661 1846 sicut
682 1785 844 1865 Epicurus,
868 1790 916 1866 qui
931 1788 1080 1849 humanam

72 1873 100 1930 ei
123 1870 243 1931 formam
269 1871 424 1949 locumque
451 1873 525 1930 inter
545 1870 666 1930 mundos
689 1871 776 1931 dedit.
816 1869 939 1932 Nomine
957 1881 1079 1950 uterque

73 1971 130 2015 ano
149 1956 250 2021 otitur;
268 1963 368 2015 utrum
383 1956 420 2014 sit
440 1956 468 2013 in
482 1973 532 2028 re,
556 1955 710 2013 coniectat.
748 1952 864 2013 interim
884 1956 1008 2032 qualitas
1024 1966 1109 2018 tra-6

73 2046 184 2113 otetur,
201 2046 232 2096 ut
252 2040 326 2115 qnid
345 2041 387 2100 sit
401 2039 570 2113 rhetorice,
590 2040 639 2097 ate
649 2038 867 2114 persuadendi
880 2055 921 2099 an
936 2039 1012 2100 berec
1030 2041 1078 2100 di-

73 2122 166 2183 ccndi
179 2123 331 2184 scientia?
361 2121 447 2196 ouon
462 2139 555 2198 genus
572 2122 661 2180 estin
678 2119 790 2182 iudiciis
806 2120 1078 2199 frequentissimum.

72 2205 123 2265 Sic
140 2206 214 2265 enim
230 2207 393 2283 quaeritur,
408 2225 451 2267 an
466 2205 674 2286 deprebensae
684 2206 718 2265 in
733 2206 883 2286 lupanari
894 2225 963 2267 cum
976 2207 1080 2269 aliena

71 2307 173 2351 acore
190 2290 314 2351 adulter
332 2291 395 2350 sit?
419 2289 485 2367 quia
502 2305 560 2348 non
580 2288 616 2348 de
631 2288 829 2367 appellatione
847 2290 900 2350 sed
915 2289 951 2349 de
968 2291 996 2349 vi
1011 2289 1079 2350 iacti

72 2372 136 2432 eins
159 2371 326 2449 ambigitur,
348 2391 385 2432 nn
407 2375 520 2432 omnino
538 2374 715 2450 peccaverit.
752 2371 823 2432 Nam
846 2375 871 2432 si
893 2377 1078 2452 peccaverit:

71 2471 130 2515 non
153 2465 252 2534 pateat
276 2474 343 2516 esse
364 2456 441 2516 aliud
464 2474 548 2534 qaam
576 2455 698 2516 adulter.
732 2455 886 2516 Diversum
908 2466 952 2517 εει
976 2469 1107 2534 genunt

72 2556 137 2601 cum
150 2540 350 2607 controversia
362 2541 493 2600 consistit
508 2542 537 2599 in
553 2540 685 2614 nomine,
698 2539 775 2617 quod
787 2539 894 2618 pendet
909 2543 1079 2618 exscripto,

70 2640 128 2682 nec
154 2632 286 2683 versatur
310 2625 337 2683 in
358 2624 471 2684 iudiciis
494 2624 548 2682 nisi
571 2632 693 2701 propter
714 2622 822 2697 verba,
844 2640 919 2699 quae
941 2622 1019 2683 litem
1039 2624 1079 2681 la-

71 2707 168 2769 ciuat:
198 2704 263 2781 Aa,
280 2709 334 2785 qai
346 2727 381 2768 ce
394 2707 555 2786 interficit,
570 2707 726 2768 bomioida
738 2708 799 2767 sit?
825 2702 890 2782 An,
907 2710 960 2784 qai
973 2715 1080 2787 tyran·

69 2792 190 2852 namin
205 2801 329 2854 moram
345 2792 505 2869 compulit,
521 2791 742 2870 tyrannicida?
755 2786 804 2851 An
821 2793 960 2852 earmiaa
975 2809 1079 2871 mapa·

71 2891 142 2934 ram
165 2874 367 2953 beneficiam?
397 2875 458 2934 Res
480 2875 554 2934 enim
579 2873 730 2933 manifesta
754 2883 814 2949 est,
836 2875 1000 2952 sciturque,
1023 2891 1080 2934 non

71 2957 149 3017 idem
164 2976 231 3017 esse
250 2959 389 3019 occidere
406 2977 439 3018 se
456 2958 534 3036 quod
550 2957 653 3033 alium,
667 2973 724 3017 non
739 2956 815 3017 idem
831 2958 968 3018 occidere
984 2968 1079 3034 tyran·

70 3058 140 3101 num
157 3042 235 3119 quod
252 3042 432 3120 compellere
445 3043 480 3103 ad
497 3050 635 3116 mortem,
653 3057 711 3100 non
724 3040 800 3101 idem
818 3044 942 3102 carmina
955 3059 989 3102 ao
1004 3059 1080 3102 mor·

71 3124 186 3185 tileram
204 3126 366 3203 potionem;
384 3127 531 3204 quaeritur
547 3134 660 3200 tamen,
677 3143 713 3184 an
730 3124 964 3184 eodemnomine
980 3125 1079 3205 appel·

70 3207 157 3268 landa
179 3210 244 3268 sint.

158 3291 325 3370 Quanquam
343 3302 438 3353 autem
458 3292 613 3353 dissentire
633 3294 682 3352 vix
705 3293 799 3353 audeo
821 3310 838 3352 a
854 3291 1014 3365 Cicerone,
1031 3292 1110 3370 quib

63 3375 178 3439 ‚multos
204 3384 321 3436 secutus
344 3385 481 3436 auctores
501 3376 585 3451 dicit,
611 3376 767 3436 finitionem
789 3394 856 3436 esse
877 3375 915 3436 de
933 3373 1035 3434 eodem
1052 3384 1081 3434 et

69 3458 107 3520 de
124 3459 234 3528 altero;
257 3477 374 3538 semper
393 3461 525 3536 neganti,
549 3460 667 3537 aliquod
688 3478 755 3520 esse
773 3476 895 3533 nomen,
915 3457 1078 3518 dicendum.
