2408 3854
171 176 232 238 228
478 187 514 234 ιι.
537 187 616 233 ιιι.
639 185 859 245 ιιιιιιιιιιιιι

113 354 161 409 ιιι
170 362 222 403 ιιι
234 342 436 440 antisophiste,
453 349 527 440 quot
536 341 620 400 atilio
632 358 779 418 passuum
796 341 1019 402 declamasset?
1038 342 1174 423 Praecipi

170 437 199 487 et
214 426 285 486 illud
300 426 379 500 scio,
404 443 441 483 ne
457 418 638 483 ambulantes
654 432 816 483 avertamur
831 440 848 482 ι
869 423 1028 499 iudicibus,
1050 426 1103 487 sed
1119 429 1174 487 sint

170 510 280 609 obliqui
296 508 389 587 pedes
404 507 441 567 ad
454 506 603 567 consilium
618 505 704 566 nobis
718 505 951 585 respicientibus.
979 506 1011 568 ld
1024 509 1087 568 lieri
1102 511 1173 572 iudi·

170 595 223 653 ciis
238 593 359 671 privatis
376 608 433 649 non
447 598 555 670 potest.
589 589 698 677 Vprum
714 598 743 650 et
757 589 894 651 breviora
909 601 973 651 sunt
988 594 1099 670 spatia,
1116 613 1171 656 neo

169 677 266 737 aversi
282 675 329 736 diu
340 693 445 734 sumus.
472 673 589 734 Interim
601 683 697 734 tamen
710 668 854 735 recedere
870 676 975 734 sensim
990 674 1080 736 datur.
1104 677 1171 750 Qut·

112 760 235 825 latidum
252 768 282 819 et
296 758 444 833 resiliunt,
463 756 540 838 quod
556 767 601 818 est
616 757 702 836 plane
718 757 878 818 ridiculum.
910 758 997 820 Pedio
1019 759 1171 838 sbpplosio

170 853 200 903 ut
216 843 284 903 loco
301 851 346 902 est
361 852 542 921 opportuna,
567 851 596 901 ut
620 843 659 901 ait
675 834 798 917 Cicero,
823 843 852 902 in
876 843 1108 903 contentionibus
1126 853 1174 905 aut

169 927 342 1005 incipiendis
357 935 405 987 ιιι
420 925 567 987 liniendis:
597 927 636 986 ita
657 924 760 986 erebra
784 935 814 985 et
834 927 925 1004 inepti
946 935 992 986 est
1006 926 1130 988 bominis
1145 938 1173 988 et

169 1011 275 1072 desinit
289 1011 432 1071 iudicem'
424 1028 453 1069 ιιι
468 1028 500 1069 se
519 1019 703 1070 convertere.
727 1008 781 1069 list
795 1018 826 1070 et
840 1010 890 1072 illa
906 1010 1068 1072 indecora
1060 1028 1089 1071 ιι
1101 1013 1172 1072 dex·

168 1104 242 1154 trum
257 1114 292 1155 ac
309 1095 424 1155 lacrum
441 1095 516 1154 latus
530 1093 678 1154 vacillatio
697 1093 816 1154 alternis
833 1093 957 1171 pedibus
972 1095 1170 1155 insistentium.

168 1176 348 1256 Longissime
374 1177 511 1255 fugienda
539 1177 635 1237 mollis
661 1178 751 1254 actio,
779 1178 894 1256 qualem
919 1179 948 1238 in
972 1177 1047 1239 Titio
1064 1176 1170 1240 cicero

168 1262 238 1322 dicit
252 1263 360 1338 luisse,
385 1262 461 1322 unde
479 1263 564 1322 etiam
580 1261 738 1322 saltationis
756 1261 899 1340 quoddam
913 1280 1007 1340 genus
1025 1261 1122 1324 lilius
1136 1263 1172 1323 sit

111 1345 354 1425 lanappelnmm.
387 1344 643 1423 deprehendenda
667 1355 696 1406 et
712 1344 762 1405 illa
779 1346 918 1425 frequens
936 1355 966 1406 et
982 1349 1127 1408 concitata
1144 1348 1171 1406 in

165 1439 316 1508 utramque
334 1437 446 1507 partem
462 1431 581 1506 nutatio,
598 1447 681 1508 quam
695 1430 724 1489 in
740 1427 866 1489 Curione
883 1439 964 1509 patre
980 1431 1068 1490 irrisit
1084 1440 1114 1490 et
1128 1430 1170 1490 lu·

167 1513 239 1588 lius,
263 1530 423 1590 quaerens,
443 1515 512 1591 quis
532 1514 566 1574 in
579 1515 669 1576 lintre
683 1514 873 1591 loqueretur,
898 1523 928 1574 et
944 1513 1083 1582 Sicinium
1107 1532 1170 1575 nam

167 1614 242 1672 cum,
258 1596 405 1657 assidente
423 1596 549 1674 collega,
568 1599 617 1677 qui
633 1606 696 1658 erat
709 1606 830 1675 propter
844 1597 1039 1658 valetudinem
1055 1597 1170 1657 etdeli-

167 1688 250 1756 gatus
267 1689 297 1740 et
311 1680 440 1758 plurimis
454 1681 672 1741 medicamentis
684 1680 839 1757 delibutus,
856 1681 972 1741 multum
983 1699 1016 1741 se
1032 1678 1121 1741 curio
1134 1699 1171 1741 ex

166 1780 248 1823 more
264 1764 413 1839 iactasset,
428 1762 604 1842 Nunquam,
622 1765 723 1844 iuquit,
740 1761 864 1840 Octcoi,
883 1766 1017 1842 collcpoc
1032 1773 1084 1826 tuo
1094 1784 1170 1844 pro·

165 1848 240 1908 dom
256 1848 390 1926 celeres,
412 1849 466 1925 qui
479 1850 541 1909 nisi
552 1850 676 1926 suisset,
698 1848 788 1910 bodie
803 1856 831 1909 lc
844 1850 914 1910 istic
926 1866 1054 1909 muscae
1070 1868 1169 1910 comc-

110 1932 293 2000 130disscnt.
323 1930 467 1992 Iactantur
490 1941 520 1992 et
540 1931 664 1999 humeri;
688 1931 765 2008 quod
780 1933 878 1992 vitium
893 1931 1109 2000 Demosthenes
1132 1935 1169 1993 ita

168 2015 271 2077 dieitur
287 2015 475 2090 emendasse,
492 2025 537 2090 ut,
556 2034 619 2075 cum
636 2016 665 2073 in
681 2025 803 2091 angusto
820 2016 944 2094 quodam
961 2014 1073 2094 pulpito
1091 2026 1170 2076 stans

167 2098 297 2174 diceret,
321 2098 402 2158 basta
422 2098 542 2159 bumero
564 2098 736 2177 dependens
757 2099 935 2175 immineret,
957 2107 1005 2176 ut,
1027 2101 1052 2158 si
1068 2100 1169 2160 calore

167 2181 281 2242 dicendi
297 2183 390 2242 vitare
405 2183 434 2243 id
452 2182 627 2258 excidisset,
648 2182 842 2242 offensatione
858 2183 908 2243 illa
924 2193 1168 2243 commoneretur.

166 2263 368 2324 Ambulantem
384 2265 464 2344 loqui
477 2266 516 2325 ita
540 2266 653 2326 demum
669 2274 803 2343 oportet,
828 2267 853 2325 si
874 2267 903 2324 in
921 2269 1015 2327 causis
1032 2265 1168 2342 publicis,

166 2349 194 2406 in
219 2346 323 2426 quibus
346 2347 511 2408 multisunt
535 2349 662 2424 iudices,
688 2349 766 2427 quod
789 2349 926 2425 dicimus,
949 2351 1031 2428 quasi
1047 2349 1169 2427 singulis

107 2430 312 2502 131inculcare
341 2430 528 2509 peculiariter
553 2431 684 2492 uelimus.
724 2432 798 2493 lllud
824 2449 897 2493 vero
922 2449 979 2493 non
1004 2434 1167 2509 ferendum,

167 2515 392 2595 quodquidam,
415 2515 526 2575 reiecta
544 2515 573 2575 in
590 2515 738 2576 humerum
761 2514 847 2593 toga,
870 2536 934 2577 oum
957 2517 1059 2577 dextra
1076 2518 1169 2577 sinum

166 2617 257 2678 usque
276 2599 313 2660 ad
329 2597 442 2667 lumbos
458 2599 649 2675 reduxerunt,
672 2601 788 2661 sinistra
805 2610 920 2678 gestum
939 2601 1083 2661 iacientes
1100 2619 1167 2678 spa·

164 2685 270 2743 tiantur
285 2691 315 2742 et
330 2681 509 2757 fabulantur,
534 2701 598 2743 cum
618 2685 704 2744 etiam
724 2683 837 2744 laevam
858 2687 1038 2761 restringere
1053 2684 1168 2762 prolata

164 2767 278 2842 longius
290 2766 392 2826 dextra
408 2768 445 2826 sit
460 2767 600 2827 odiosum.
626 2765 733 2827 bloneo
749 2785 877 2846 quoque,
894 2769 940 2847 (ut
954 2786 990 2828 ne
1005 2767 1034 2828 id
1050 2767 1168 2846 quidem

164 2851 325 2928 transeam)
341 2851 521 2927 ineptissime
537 2850 611 2926 lieri,
628 2870 692 2911 oum
708 2853 783 2910 inter
797 2868 894 2912 moros
909 2852 1105 2912 laudationum
1121 2858 1169 2910 aut

164 2934 307 2993 inaurem
325 2933 444 2993 alicuius
465 2932 620 3013 loquuntur
640 2943 688 2994 aut
709 2952 772 2993 oum
797 2934 945 2994 sodalibus
969 2936 1104 2994 iocantur
1119 2941 1167 2993 aut

164 3034 365 3104 nonnunquam
386 3017 423 3078 ad
445 3017 581 3078 librarios
607 3034 676 3078 suos
699 3019 737 3077 ita
759 3019 937 3096 respiciunt,
961 3027 991 3078 ιι
1007 3017 1165 3097 sportulam
1183 3079 1185 3084 .

107 3094 275 3166 lendictare
290 3101 451 3162 videantur
486 3100 621 3161 Inclinari
637 3101 673 3162 ad
687 3101 827 3176 iudicem,
847 3119 911 3161 oum
929 3102 1050 3178 doceas,
1066 3101 1164 3181 utique

164 3203 188 3242 ιι
180 3184 243 3258 id,
262 3183 298 3244 de
314 3202 372 3264 quo
387 3185 526 3263 loquaris,
544 3185 580 3244 sit
597 3184 758 3259 obscurius,
775 3168 854 3245 licet.
885 3184 1058 3245 Incumbere
1076 3185 1152 3246 adro

164 3276 230 3327 ento
255 3267 386 3327 adversis
408 3266 556 3327 subselliis
578 3267 707 3342 sedenti,
735 3267 982 3329 contumeliosum.
1015 3268 1161 3328 Reclinar

164 3350 301 3438 etiamad
322 3367 391 3410 suos
409 3359 439 3410 et
457 3350 588 3410 manibus
605 3352 759 3427 sustineri,
783 3353 838 3412 nisi
861 3353 948 3452 plane
969 3353 1043 3412 insta
1059 3353 1163 3429 fatiga-

163 3422 257 3509 tione‘,
284 3442 328 3493 est
352 3433 522 3502 delicatum
549 3436 623 3495 sieut
644 3435 738 3513 palam
758 3437 886 3512 moueri,
913 3436 1092 3509 excidentis,
1117 3443 1163 3494 ιιι
