2408 3854
153 249 194 316 68
463 261 825 322 murcomannum

151 429 196 481 est
211 418 450 491 ratiocinationis,
468 425 497 476 ut
513 416 590 495 quod
606 434 643 475 ex
659 417 762 477 eadem
778 429 865 477 causa
880 417 955 478 inter
969 426 1062 479 status
1078 437 1151 499 quo·

109 513 143 571 17
150 523 207 583 que
224 502 391 564 habeamus.
421 502 470 561 Sic
487 509 569 560 etex
586 499 804 579 insequentibus
819 499 1004 578 amplificatio
1021 501 1152 574 ducitur;

150 587 292 667 siquidem
308 595 385 648 tanta
401 586 444 645 vis
460 584 513 644 iuit
527 585 585 644 vini
601 585 793 663 erumpentis,
815 593 845 644 ut
866 600 923 644 non
946 603 1046 646 casurn
1062 587 1152 648 aller-

149 680 195 731 ret
210 679 258 730 aut
274 670 450 730 voluntatem
477 667 530 728 sed
556 670 778 743 necessitatem,
807 668 855 729 ubi
881 670 994 729 minime
1016 670 1152 748 deceret,

149 753 300 823 uomendi;
319 763 349 814 et
365 754 446 814 cibus
462 769 519 811 non
534 769 650 829 recens,
664 761 695 812 ut
706 753 842 813 accidere
852 753 965 813 interim
978 753 1068 831 solet,
1084 756 1151 817 red·

149 839 282 914 deretur,
303 838 356 898 sed
374 854 466 916 usque
484 837 511 894 in
527 845 675 914 postemm
690 837 765 897 diem
780 836 964 897 redundaret.
999 836 1080 899 Idem
1094 838 1153 900 boo

110 931 307 1001 represserant,
326 938 400 1000 quae
416 928 645 981 antecesserunt.
691 919 762 980 Nam
784 938 847 980 cum
870 920 983 980 Aeolus
1004 940 1021 983 a
1041 921 1153 984 lunone

147 1015 266 1084 rogatus

315 1120 358 1131 -
373 1107 482 1150 cacum
497 1106 646 1151 converso
663 1087 791 1167 cuspide
805 1097 934 1151 montem

242 1172 367 1252 Impulit
380 1174 412 1234 io
427 1175 520 1249 totus,
541 1192 582 1235 uc
597 1173 679 1234 ocati
691 1172 773 1234 velut
793 1173 914 1250 aporiae
924 1173 1011 1252 facto

251 1255 320 1331 Orco
339 1258 415 1318 dato
429 1265 538 1335 portu,
558 1264 669 1316 ruunt.-
692 1291 726 1300 -

108 1351 141 1407 19
150 1350 281 1421 apparet,
301 1349 405 1419 quanta
423 1341 459 1400 sit
478 1340 573 1400 lutura
590 1348 758 1417 tempestas.
797 1335 893 1412 Qurut
916 1356 979 1401 cum
1001 1357 1050 1400 res
1073 1349 1152 1402 atro·

150 1427 297 1500 cissimas,
321 1441 452 1512 quasque
467 1425 495 1483 in
511 1441 647 1483 summam
663 1425 718 1501 ipsi
735 1421 887 1482 extulimus
901 1422 1036 1484 invidiam
1052 1423 1152 1486 elena·

149 1527 211 1568 mus
228 1508 378 1584 consulto,
400 1523 458 1587 quo
473 1509 609 1586 graviora
630 1507 795 1582 videantur,
817 1523 892 1585 quae
915 1515 1051 1568 secutura
1069 1517 1136 1568 sunt

149 1601 180 1652 ut
194 1610 211 1652 a
227 1590 371 1652 Cicerone
389 1591 495 1652 iactum
513 1600 568 1668 est,
585 1610 649 1651 curn
664 1590 714 1651 illa
730 1591 856 1665 diceret,
880 1587 975 1652 Lecta
989 1599 1061 1653 sumt
1073 1592 1152 1655 boec

148 1679 181 1736 ire
196 1679 253 1739 boc
266 1695 329 1738 reo.
356 1673 467 1737 ldetum
487 1677 646 1755 oirpurum
660 1675 840 1738 muuurcbus
853 1675 1060 1738 nobilissimae
1074 1677 1151 1738 cici-

149 1763 220 1822 tutir
236 1763 335 1839 pretio
352 1762 499 1823 redemit:
514 1760 677 1822 bammum
688 1768 742 1822 cst.
778 1756 882 1831 Alius,
902 1779 941 1821 ne
955 1761 1062 1822 securi
1075 1760 1151 1838 feri-

108 1854 246 1921 borctmr,
260 1847 423 1923 pecaniam
437 1846 540 1906 dedit:
555 1845 700 1905 usitatum
721 1851 775 1904 est.
803 1841 906 1903 Nonne
917 1860 986 1902 usus
1002 1851 1048 1904 est
1063 1845 1151 1904 ratio·

150 1930 310 2006 cinatione,
335 1947 392 2008 qua
415 1928 590 2007 colligerent
612 1928 779 2002 audientes,
809 1935 943 2005 quantum
966 1925 1037 1987 illud
1060 1936 1150 2003 esset,

150 2014 226 2093 quod
244 2013 437 2089 inferebatur,
460 2014 506 2073 cui
522 2020 686 2090 comparata
701 2011 775 2071 baec
789 2010 955 2070 viderentur
970 2011 1092 2072 bumana
1111 2020 1152 2073 at·

153 2117 210 2176 que
227 2095 353 2157 usitata?
387 2098 437 2157 Sic
453 2112 570 2175 quoque
585 2094 663 2154 solet
679 2113 716 2154 ex
732 2094 789 2154 alio
806 2093 881 2154 aliud
897 2095 1013 2172 augeri:
1038 2104 1069 2155 ut
1085 2112 1150 2155 cum

150 2181 316 2241 Hannibalis
340 2180 455 2241 bellicis
480 2178 610 2240 laudibus
637 2177 789 2257 ampliatur
816 2179 907 2238 virtus
930 2178 1096 2256 Scipionis,
1124 2186 1153 2238 et

150 2265 347 2324 fortitudinem
363 2262 511 2324 Gallorum
527 2261 790 2340 Germanorumque
803 2262 946 2339 miramur,
965 2279 1023 2340 quo
1039 2264 1077 2323 sit
1093 2281 1152 2324 ma·

110 2350 195 2411 ‘tlior
215 2345 248 2408 G.
271 2345 406 2408 Caesaris
426 2347 531 2426 gloria.
574 2345 648 2408 lllud
675 2363 792 2426 quoque
817 2355 862 2406 est
890 2364 928 2407 ex
949 2346 1094 2408 relatione
1117 2346 1152 2407 ad

150 2432 268 2510 aliquid,
286 2431 363 2509 quod
379 2448 436 2491 non
451 2432 513 2491 eius
529 2432 572 2491 rei
582 2433 674 2509 gratia
686 2431 792 2491 dietum
806 2429 930 2506 videtur,
951 2430 1151 2511 amplificatio·

150 2518 193 2575 nis
208 2533 312 2593 genus.
356 2514 421 2575 Non
442 2523 542 2594 putant
563 2515 709 2594 indignum
730 2514 846 2575 Troiani
861 2515 1025 2594 principes,
1048 2513 1152 2576 Graios

151 2600 351 2678 Troianosque
367 2608 489 2677 propter
504 2598 633 2659 Helenae
649 2601 779 2676 speciem
795 2607 837 2658 tot
854 2598 928 2659 mala
945 2607 1023 2660 tanto
1040 2607 1151 2678 tempo·

149 2686 189 2743 ris
206 2686 301 2762 spatio
318 2685 477 2744 sustinere:
497 2701 637 2763 quaenam
652 2684 740 2760 igitur
753 2682 804 2742 illa
818 2682 910 2743 iorma
923 2683 1069 2744 credenda
1085 2679 1152 2743 est?

150 2766 215 2826 Non
232 2768 306 2826 eninr
321 2767 378 2826 hoc
395 2767 464 2826 dicit
478 2765 574 2843 Paris,
591 2767 639 2845 qui
654 2767 763 2844 rapuit,
781 2782 838 2826 non
856 2766 960 2846 aliquis
975 2767 1089 2827 iuvenis
1105 2774 1153 2827 aut

150 2869 222 2910 unus
246 2869 262 2910 e
284 2850 375 2928 uulgo
402 2850 455 2910 sed
470 2867 557 2909 senes
574 2859 603 2910 ct
618 2850 830 2928 prudentissimi
848 2859 877 2909 et
894 2849 1006 2911 Priamo
1022 2850 1152 2912 assiden-

109 2943 205 2996 22tes.
236 2934 344 2994 Verum
360 2942 389 2993 et
404 2935 468 3012 ipse
484 2951 538 2993 rex
550 2933 671 2994 decenni
692 2932 771 2994 bello
794 2934 951 2994 exhaustus
974 2934 1087 2995 amissis
1110 2941 1153 2993 tot

151 3019 268 3093 liberis,
293 3019 456 3077 imminente
477 3015 788 3094 summo‘discrimine,
814 3019 859 3078 cui
875 3017 979 3078 faciem
995 3017 1092 3094 illam,
1115 3035 1154 3077 cx

44 3138 48 3145 -
152 3121 207 3182 qua
223 3111 265 3162 tot
283 3101 463 3162 lacrimarum
480 3098 563 3180 brige
581 3101 728 3178 duxisset,
752 3102 871 3163 invisam
884 3111 970 3180 atque
986 3101 1152 3163 abominan-

152 3188 215 3248 dam
237 3204 304 3245 esse
321 3186 492 3264 oportebat,
514 3195 543 3245 et
558 3186 635 3246 audit
655 3186 730 3246 baec
756 3195 785 3246 et
807 3204 870 3246 eam
891 3185 978 3246 liliam
999 3184 1153 3264 appellans

153 3272 231 3330 iuxta
247 3288 279 3329 se
297 3270 374 3330 locat
391 3279 420 3329 et
436 3278 556 3330 excusat
571 3271 656 3331 etiam
671 3279 759 3348 atque
775 3270 829 3329 sibi
845 3288 912 3329 esse
928 3268 1069 3329 malorum
1085 3286 1153 3329 cau·

110 3359 213 3415 bisam
232 3363 330 3433 negat.
364 3353 427 3414 Nec
441 3355 507 3414 milri
523 3354 635 3414 ridetur
657 3355 685 3413 in
701 3354 857 3431 Symposio
875 3352 974 3428 Plato,
993 3371 1058 3413 cum
1073 3351 1154 3415 Alci·

151 3436 265 3497 biadem
280 3439 465 3499 confitentem
481 3437 517 3498 de
532 3456 575 3515 se,
593 3438 660 3516 quid
675 3456 692 3499 a
709 3438 832 3499 Socrate
847 3439 906 3514 pati
920 3436 1066 3514 voluerit,
1088 3453 1154 3498 uar-

69 3554 129 3632 =
144 3529 202 3597 rat,
221 3522 348 3584 utillum
363 3522 512 3604 culparet,
535 3522 609 3585 baec
623 3520 791 3591 tradidisse;
815 3520 885 3596 sed,
908 3529 939 3580 ut
960 3518 1094 3582 Socratis
1112 3520 1144 3581 in
