2376 3840
142 187 183 250 82
459 188 834 260 unasomuurnrnur

225 354 291 417 Sed
309 375 364 417 nos
378 356 555 416 immensum
571 355 672 433 spatio
688 355 873 433 confecimus
891 373 1021 434 aequor,

227 438 298 500 m
285 459 348 501 iam
371 448 487 517 tempus
508 455 618 516 equum
636 439 790 516 fumantia
810 439 929 500 solvere
953 442 1044 502 colla.

99 536 132 591 46
142 525 211 586 Sine
225 522 412 585 translatione
429 539 501 581 vero
517 523 545 580 in
559 521 705 581 Bucolicis

140 605 275 669 Certe
290 608 430 685 equidem
445 606 624 680 audieram,
647 622 709 683 qna
729 625 764 668 se
781 606 957 669 subducere
973 608 1068 670 colles

182 691 337 770 Incipiunt
358 690 528 768 mollique
515 708 620 770 tnqnm
638 691 796 753 demittere
813 691 890 753 cliuo

185 773 287 853 Usque
302 775 346 836 ad
359 791 474 853 aquom
485 781 514 835 et
524 774 664 836 ceteris
650 792 713 834 iam
726 774 833 852 fracta
848 775 1012 836 cacumina
1027 776 1116 855 faqi,

184 858 293 920 Omnia
309 858 499 920 carminibus
512 864 646 920 oestrum
660 875 802 920 seruasse
818 856 994 920 Menalcan

98 944 202 1008 irum
224 945 299 1003 enim
322 942 390 1002 loco
416 950 534 1021 praeter
554 931 658 1001 nomen
680 950 779 1001 cetera
806 944 933 1022 propriis
955 943 1057 1004 decisa
1084 954 1150 1005 sunt

139 1027 253 1103 verbis,
269 1045 369 1086 uerum
384 1043 441 1087 uon
458 1035 559 1105 pastor
575 1024 723 1085 Menalcas
741 1026 794 1086 sed
810 1024 960 1103 Vergilius
980 1036 1025 1086 est
1041 1029 1148 1089 intelli·

139 1112 261 1190 gendus.
297 1110 392 1170 Habet
414 1129 496 1170 usum
518 1108 584 1170 talis
603 1109 764 1186 allegoriae
786 1110 957 1188 frequenter
979 1112 1073 1170 oratio
1096 1113 1150 1173 sed

139 1214 205 1257 raro
222 1196 325 1263 totius;
348 1195 519 1274 plerumque
536 1193 645 1272 apertis
662 1196 804 1272 permixta
821 1203 875 1253 est.
919 1192 993 1255 Tota
1009 1197 1086 1273 apud
1102 1193 1149 1256 Ci-

139 1298 277 1341 aaronem
293 1278 359 1338 talis
376 1288 435 1339 est:
450 1285 453 1289 ’
468 1276 532 1339 Hoc
546 1279 659 1353 miror,
677 1278 733 1339 troc
749 1295 877 1356 queror,
897 1294 1080 1356 quemquam
1095 1281 1149 1340 tro·

138 1366 248 1426 minem
262 1365 307 1424 ito
320 1364 526 1441 pessumdare
540 1363 669 1423 ultorum
683 1363 775 1437 celte,
797 1371 831 1422 ut
845 1365 935 1423 etiam
950 1379 1060 1425 nocem
1073 1382 1148 1442 per·

97 1456 130 1510 48
136 1449 228 1527 foret,
240 1450 272 1507 in
285 1465 348 1525 qna
358 1448 424 1525 ipse
439 1447 569 1523 naoiqet.
583 1444 660 1506 Illud
671 1447 855 1506 commixtum
867 1446 1147 1524 frequentissimum:

137 1529 289 1610 Equidem
307 1539 428 1591 ceteras
445 1537 638 1608 tempestates
660 1536 690 1589 et
702 1530 855 1605 procellas
868 1532 901 1591 in
915 1531 978 1591 iltis
995 1530 1150 1593 duntuaat

136 1613 279 1693 ductibus
297 1616 467 1676 contionum
483 1632 604 1693 semper
622 1611 728 1674 Miloni
744 1616 855 1693 putaui
874 1632 943 1676 esse
959 1615 1147 1679 subeundas.

137 1697 199 1758 Nisi
215 1698 371 1759 adiecisset
389 1700 541 1759 duntoaat
557 1696 702 1776 ductibus
722 1700 912 1760 contionum:
935 1706 1017 1758 esset
1032 1698 1148 1777 allego·

137 1786 195 1851 ria;
219 1801 294 1843 nunc
311 1801 374 1842 earu
393 1783 514 1842 miscuit.
555 1780 620 1854 Quo
636 1783 664 1840 in
680 1800 791 1859 genere
808 1791 837 1842 et
852 1784 970 1861 species
994 1799 1032 1842 ex
1048 1799 1146 1844 arces-

96 1868 198 1928 49sitis
216 1867 314 1926 verbis
330 1869 409 1926 venit
424 1875 453 1926 et
469 1866 634 1927 intellectus
652 1884 689 1924 ex
706 1866 842 1945 propriis.
870 1866 946 1928 Illud
966 1882 1039 1926 vero
1056 1866 1147 1945 longe

137 1953 385 2029 speciosissimum
406 1968 498 2028 genus
523 1951 679 2025 orationis,
709 1951 737 2008 in
757 1967 815 2029 quo
832 1951 916 2010 trium
937 1951 1080 2028 permixta
1101 1959 1148 2020 est

136 2036 244 2112 gratia,
265 2034 471 2110 similitudinis,
487 2034 666 2112 allegoriae,
683 2034 894 2094 translationis:
920 2032 1012 2107 Quod
1020 2034 1147 2113 fretum,

136 2134 224 2196 quem
240 2117 409 2196 Euripum,
426 2127 467 2179 tot
481 2125 593 2193 motus,
613 2124 731 2195 tantas,
751 2127 813 2179 tam
826 2119 935 2179 carius
949 2118 1064 2180 tabem
1078 2138 1147 2180 cre·

135 2203 208 2263 ditis
226 2203 423 2281 aqitationes,
447 2203 706 2278 commutationes,
721 2200 851 2280 linctus,
871 2211 1007 2281 quantas
1016 2211 1145 2282 pertur-

135 2286 272 2347 bationes
294 2293 324 2347 et
344 2294 475 2363 quantos
491 2293 594 2346 oeetns
609 2285 698 2347 ttabet
716 2288 796 2349 ratio
818 2287 1030 2350 comitiorum?
1070 2285 1148 2350 Dies

133 2370 326 2431 intermissus
347 2388 428 2431 unns
451 2377 506 2431 ant
526 2387 590 2431 noa
610 2370 791 2449 interposita
807 2368 910 2450 ‘saepe
929 2379 959 2433 et
982 2371 1148 2450 perturbat

134 2454 236 2516 omnia
262 2461 405 2515 ettotam
429 2454 599 2533 opinionem
624 2473 726 2533 paron
744 2471 961 2534 nonnunquam
982 2463 1148 2518 commutat

92 2553 217 2604 soanra
231 2538 374 2600 rumoris.
418 2537 491 2598 Nam
507 2538 535 2598 id
553 2555 670 2618 quoque
686 2540 828 2618 inprimis
850 2548 896 2600 est
913 2538 1144 2616 custodiendum,

134 2631 182 2697 ut,
200 2639 257 2700 quo
271 2640 431 2700 exgenere
444 2623 581 2701 coeperis
597 2622 810 2699 translationis,
826 2622 885 2684 hoo
899 2622 1026 2684 desinas.
1063 2621 1145 2684 Multi

135 2715 246 2782 autem,
270 2725 332 2767 cum
355 2708 463 2767 initium
488 2715 696 2786 atempestate
717 2717 917 2786 sumpserunt,
942 2707 1079 2767 incendio
1097 2714 1146 2766 aut

92 2791 214 2856 51ruina
226 2790 339 2859 liniunt;
359 2809 433 2868 quae
450 2799 495 2850 est
510 2792 749 2869 inconsequentia
765 2809 861 2851 rerum
876 2790 1055 2852 foedissima.
1089 2788 1144 2851 Ge·

134 2882 226 2933 terum
247 2873 390 2951 allegoria
412 2877 510 2953 parvis
527 2891 644 2954 quoque
660 2875 782 2952 ingeniis
804 2884 833 2935 et
848 2874 994 2936 cotidiano
1016 2875 1145 2935 sermoni

133 2957 367 3033 frequentissime
380 2961 478 3018 servit.
513 2956 585 3018 Nam
600 2958 650 3019 illa
665 2960 694 3018 in
709 2959 829 3036 agendis
846 2959 941 3019 causis
957 2960 1014 3020 iam
1026 2959 1144 3034 detrita,

133 3038 246 3101 Pedem
271 3041 413 3119 conferre
436 3050 464 3101 et
478 3041 621 3119 qunium
633 3049 739 3122 petere
761 3052 790 3103 et
808 3041 998 3122 sanquinem
1012 3044 1142 3118 mittere,

133 3123 199 3184 inde
211 3132 294 3199 sunt,
311 3143 366 3184 nec
383 3125 529 3187 offendunt
543 3134 647 3185 tamen.
677 3124 731 3187 Est
743 3128 816 3186 enim
831 3136 914 3205 grata
930 3129 958 3187 in
974 3125 1143 3205 eloquendo

131 3209 245 3268 novitas
268 3218 297 3268 et
313 3213 467 3286 emutatis,
490 3219 519 3269 et
538 3212 629 3288 magis
647 3212 793 3290 inopinata
809 3211 965 3272 delectant.
1011 3209 1142 3289 Ideoque

132 3293 234 3353 iamin
256 3293 299 3353 his
326 3295 470 3354 amisimus
491 3295 605 3355 modum
623 3303 652 3354 et
668 3297 790 3373 gratiam
805 3296 848 3354 rei
869 3296 954 3355 nimia
975 3295 1143 3374 captatione

90 3383 124 3435 52
133 3378 371 3456 consumpsimus.
407 3377 461 3439 Est
482 3380 510 3438 in
533 3378 676 3458 exemplis
693 3379 853 3456 allegoria,
876 3381 900 3438 si
917 3396 976 3439 non
990 3378 1142 3458 praedicta

132 3461 243 3520 ratione
265 3470 416 3539 ponantur.
461 3461 532 3522 Nam
556 3472 585 3523 ut
609 3461 787 3544 Dionysium
811 3460 948 3524 Corinthi
969 3482 1054 3540 esce,
1083 3476 1142 3542 qno
