2408 3854
151 201 208 262 164
466 183 830 273 n.ran.qu1nr1u1nn1

146 369 292 428 astrictius
308 368 355 428 hic
370 368 466 443 latius,
482 377 592 446 pugnat
607 366 657 428 ille
675 369 804 427 acumine
824 384 940 446 semper
955 368 1002 429 hic
1015 370 1155 450 frequen·

146 461 191 511 ter
207 460 237 510 et
252 450 394 531 pondere,
410 451 451 511 illi
467 452 536 511 nihil
552 451 664 511 detrahi
677 459 777 529 potest
791 450 858 510 huic
870 450 940 511 nihil
952 452 1047 530 adiici,
1067 473 1156 516 curae

88 546 137 600 107
147 535 212 613 plus
233 536 261 594 in
276 535 328 595 illo
345 536 373 594 in
389 535 446 594 hoc
461 544 590 595 naturae.
623 534 738 594 Sulibus
751 543 832 594 certe
850 544 878 594 et
891 538 1154 615 commiseratione,

147 620 195 696 qui
216 619 273 679 duo
302 619 453 697 plurimum
485 619 607 679 allectus
634 619 747 693 valent,
769 619 923 689 ,vincimus
963 619 1001 678 Et
1028 621 1155 683 tortasse

147 701 283 781 epilogos
313 702 354 762 illi
381 720 444 763 mos
472 703 596 763 civitatis
628 701 794 770 abstulerim
830 702 883 762 sed
915 711 944 762 et
976 703 1060 765 nobis
1094 706 1154 782 illa,

147 803 221 863 quae
244 785 333 846 Attici
357 789 509 863 mirantur,
535 786 650 847 diversa
671 785 763 845 Latini
795 788 937 847 sermonis
962 790 1036 847 ratio
1063 791 1156 849 minus

146 871 321 946 permiserit.
358 868 389 929 ln
411 870 545 949 epistolis
566 868 698 948 quidem,
721 887 883 948 quanquam
903 880 970 929 sunt
992 873 1155 951 utriusque,

88 953 327 1030 108dialogisre,
345 953 448 1032 quibus
468 953 537 1014 nihil
555 952 624 1027 ille,
641 952 719 1014 nullu
735 956 883 1013 contentio
899 962 954 1013 est.
989 951 1157 1018 Cedendum

144 1054 216 1097 varo
232 1039 261 1097 in
276 1036 344 1113 hoc,
362 1038 441 1117 quod
457 1047 485 1097 et
503 1038 583 1115 prior
594 1036 646 1096 luit
662 1046 691 1096 et
707 1055 744 1096 ex
759 1054 862 1115 magna
875 1046 957 1115 parte
971 1034 1156 1117 Ciceronem,

147 1130 269 1199 quantus
284 1130 339 1198 est,
353 1120 434 1182 iecit.
457 1120 529 1182 Nam
540 1120 606 1182 mibi
623 1121 736 1182 ridetur
748 1119 785 1180 Μ.
799 1118 922 1197 Tullius,
940 1139 1004 1180 curu
1015 1140 1049 1182 se
1064 1133 1157 1184 totum

147 1204 182 1264 ud
197 1206 384 1267 imitationem
401 1205 578 1266 Graecorum
594 1204 781 1280 contulisset,
808 1204 958 1266 effinxisse
975 1207 1032 1265 vim
1048 1205 1156 1268 Demo-

88 1288 274 1365 ]09sthenis,
298 1291 411 1368 copiam
426 1289 571 1364 Platonis,
591 1287 795 1349 iucunditatem
812 1286 960 1347 Isocratis.
999 1287 1063 1349 Nec
1084 1308 1157 1350 vero

147 1373 225 1451 quod
241 1375 269 1432 in
286 1390 404 1452 quoque
420 1374 557 1452 optimum
573 1372 642 1448 luit,
668 1370 762 1432 studio
779 1380 955 1432 consecutus
972 1381 1018 1432 est
1033 1382 1156 1442 tantum;

146 1457 200 1516 sed
218 1456 356 1534 plurimus
374 1456 422 1516 vel
438 1457 535 1535 potius
552 1473 653 1515 omnes
674 1473 711 1515 ex
725 1474 758 1515 se
774 1457 839 1533 ipso
852 1456 974 1514 virtutes
987 1457 1091 1518 extulit
1107 1459 1157 1517 im·

146 1539 275 1599 mortalis
298 1540 405 1618 ingenii
427 1539 594 1600 beatissima
615 1538 742 1599 ubertas.
783 1538 945 1616 Nonenim
965 1540 1108 1617 pluvios,
1127 1549 1158 1601 ut

146 1623 185 1683 ait
199 1622 355 1699 Pindarus,
371 1639 473 1702 oquae
491 1624 602 1704 collipit
623 1625 681 1685 scd
693 1625 761 1687 cicc
775 1625 896 1702 purpitc
911 1625 1061 1701 emundat,
1078 1624 1157 1685 dono

148 1707 491 1787 quodamprovidentiae
508 1709 640 1786 genitus,
663 1709 691 1766 in
715 1724 772 1785 quo
799 1715 876 1768 totas
897 1707 977 1766 vires
997 1724 1065 1768 suas
1093 1707 1157 1769 elo·

89 1793 264 1868 lloquentia
285 1793 478 1872 experiretur.
516 1791 673 1870 Numquis
696 1790 805 1851 docere
826 1789 1008 1867 diligentius,
1033 1808 1157 1852 movere

147 1875 347 1937 vehementius
368 1873 488 1955 potcstl
530 1873 592 1935 (lui
610 1883 688 1934 tanta
714 1891 838 1954 unquam
863 1874 1025 1935 iucunditas
1051 1872 1156 1937 anniti

147 1969 178 2019 ut
194 1962 257 2038 ipsa
275 1960 338 2036 illa,
357 1978 431 2040 quae
448 1967 620 2037 extorquet,
639 1959 796 2037 impetrare
814 1976 878 2018 cum
895 1956 1016 2034 credas,
1042 1968 1071 2019 et
1092 1977 1157 2020 cum

147 2052 342 2104 transversum
357 2046 386 2104 vi
403 2062 455 2104 sua
475 2044 598 2104 iudicem
612 2042 702 2102 ierat:
726 2051 821 2102 tamen
838 2040 889 2102 ille
906 2057 964 2102 non
979 2043 1043 2122 rapi
1058 2043 1156 2104 ridea-

90 2133 192 2186 llltur
210 2128 262 2188 sed
278 2129 372 2207 sequi.
407 2127 467 2188 lam
489 2129 518 2187 in
534 2126 676 2201 omnibus,
699 2143 772 2205 quae
789 2126 874 2202 dicit,
897 2133 974 2186 tanta
996 2127 1157 2187 auctoritas

146 2212 239 2286 inest,
262 2220 293 2270 ut
315 2210 469 2271 dissentire
488 2209 617 2289 pudeat,
634 2227 690 2270 nec
710 2211 844 2271 advocati
867 2209 990 2270 studium
1005 2209 1059 2271 sed
1072 2212 1157 2279 testis

147 2303 196 2353 aut
210 2293 312 2354 iudicis
328 2295 432 2354 alferat
448 2293 549 2361 hdem;
576 2312 640 2355 cum
663 2295 775 2354 interim
796 2292 997 2368 haecomnia,
1016 2312 1092 2372 quac
1108 2296 1158 2353 rix

107 2403 109 2406 ·
146 2376 261 2454 singula
284 2379 434 2457 quisquam
456 2378 644 2439 intentissima
669 2395 737 2438 cura
760 2379 901 2455 consequi
924 2386 1043 2457 posset,
1066 2376 1158 2438 fluunt

147 2460 310 2537 illaborata,
328 2470 356 2522 et
372 2461 432 2537 illa,
449 2480 505 2540 qua
515 2461 584 2521 nihil
596 2459 745 2541 pulchrius
759 2460 885 2522 auditum
900 2469 954 2537 est,
974 2463 1068 2522 oratio
1085 2478 1157 2540 prae

91 2558 180 2611 lttse
195 2545 253 2605 lert
268 2556 363 2606 tamen
388 2545 584 2606 felicissimam
603 2545 782 2605 facilitatem.
819 2543 917 2619 Quare
934 2561 992 2605 nou
1013 2544 1156 2606 immerito

149 2630 184 2690 ab
211 2628 372 2690 bominibus
402 2632 504 2691 aetatis
530 2646 600 2689 suae
624 2646 759 2707 repncre
779 2630 812 2689 in
831 2629 956 2690 iudiciis
981 2628 1075 2689 dictus
1101 2637 1156 2702 est,

149 2713 224 2792 apud
240 2723 465 2792 posterosvero
481 2714 509 2773 id
525 2721 711 2788 consecutus,
725 2720 757 2771 ut
772 2709 878 2772 Cicero
893 2713 948 2772 iam
963 2728 1022 2772 non
1033 2711 1156 2772 hominis

149 2814 253 2857 nomen
282 2797 335 2858 sed
356 2798 540 2877 eloquentiae
561 2795 711 2857 habeatur.
754 2793 838 2856 llunc
860 2796 948 2873 igitur
977 2805 1156 2875 spectemus,

149 2881 206 2941 hoc
222 2883 404 2960 propositum
417 2881 501 2941 nobis
516 2882 553 2940 sit
569 2879 749 2958 exemplum,
772 2878 823 2939 ille
841 2897 874 2938 se
891 2880 1055 2958 proiecisse
1071 2880 1156 2952 sciat,

91 2964 194 3025 lltcui
211 2961 317 3024 Gioero
334 2963 420 3024 valde
438 2963 574 3042 placebit.
612 2961 702 3023 blulta
726 2965 754 3022 in
775 2962 905 3022 Asinio
922 2961 1096 3024 Pollione
1116 2964 1157 3022 in·

149 3049 263 3123 ventio,
281 3065 388 3107 summa
402 3046 567 3123 diligentia,
589 3047 663 3107 aden
679 3056 710 3107 nt
726 3046 894 3125 quibusdam
910 3048 996 3108 etiam
1010 3047 1096 3108 nimia
1110 3047 1153 3104 ri·

150 3134 269 3207 deatur,
295 3140 324 3191 et
346 3129 459 3190 consilii
478 3139 507 3190 et
522 3131 606 3191 animi
621 3131 709 3199 sutis;
732 3129 858 3190 nnitore
874 3139 903 3190 et
918 3131 1095 3193 iucunditate
1110 3126 1156 3189 Gi-

151 3216 267 3276 ceronis
284 3216 323 3274 ita
338 3214 427 3291 longe
445 3212 544 3289 abest,
568 3223 598 3274 ut
619 3214 712 3274 videri
733 3215 827 3292 possit
846 3213 968 3276 saeculo
988 3216 1080 3294 prior.
1118 3212 1156 3272 At

150 3298 313 3359 Messala
334 3296 439 3358 nitidus
464 3307 494 3358 ot
510 3297 647 3360 candidus
671 3307 700 3357 et
715 3297 925 3376 quodammodo
941 3296 1114 3377 praeferens
1128 3297 1157 3354 in

93 3388 143 3442 114
152 3383 275 3443 dicendo
290 3381 470 3441 nobilitatem
486 3399 581 3456 suam,
603 3381 713 3441 viribus
727 3383 828 3441 minor.
866 3378 899 3440 G.
920 3398 994 3441 vero
1018 3378 1158 3443 Caesar

153 3469 177 3527 si
193 3467 257 3526 loro
270 3474 376 3539 tantum
387 3474 533 3542 vacasset,
550 3481 608 3526 non
619 3463 693 3526 alius
706 3483 743 3526 cx
753 3466 860 3526 nostris
872 3472 972 3528 contra
985 3462 1156 3528 Ciceronem

94 3618 186 3636 ι
