2408 3854
381 201 470 250 mvsa.
484 200 819 265 onaroa.c1u.1x,4.
1034 189 1093 251 127

88 357 223 418 iudicium
248 374 341 416 meum
373 356 548 416 ostendero:
583 375 664 416 suum
689 365 786 416 tamen
812 355 976 434 legentibus
1005 356 1091 417 reliu-

108 459 182 501 uam.

87 460 106 520 q
172 523 275 603 Neque
297 527 401 601 ignoro
426 524 566 601 quosdam
589 543 672 600 esse,
694 525 742 603 qui
765 542 862 589 curam
883 542 995 584 omnem
1016 540 1122 596 com-3

87 610 240 688 positionis
264 607 435 683 excludant,
463 616 550 685 atque
576 607 656 668 illum
680 608 826 684 borridum
855 626 1034 685 sermonem,
1063 620 1093 670 ut

87 694 164 753 iorte
177 691 310 768 lluxerit,
326 692 411 751 modo
429 693 521 768 magis
538 692 696 752 naturalem
712 691 799 751 modo
818 693 903 752 etiam
918 694 1010 770 magis
1025 695 1093 753 viri·

87 777 145 838 lem
162 794 233 850 esse¹
246 775 429 836 contendant.
460 774 515 848 Qui
535 776 559 833 si
575 775 603 834 id
621 775 733 835 demum
749 775 879 836 naturale
898 794 966 836 esse
986 778 1093 853 dicunt,

87 861 166 940 quaid
188 879 204 920 a
222 870 322 920 natura
346 860 467 939 primum
489 868 581 919 ortum
599 869 643 918 est
661 869 690 918 et
711 858 797 937 quale
814 871 881 920 ante
898 861 1006 922 cultum
1026 861 1092 921 luit:

87 954 149 1005 tota
170 943 245 1004 baec
266 962 313 1004 ars
337 944 437 1004 orandi
456 943 641 1002 subvertitur.
685 941 789 1021 Neque
812 945 887 1004 euim
914 946 1005 1007 locuti
1029 955 1123 1014 sunta

88 1028 123 1089 ad
148 1029 222 1088 banc
243 1029 373 1105 regulam
395 1037 425 1087 et
445 1027 622 1104 diligentiam
638 1028 722 1105 primi
742 1028 891 1104 homines,
911 1047 966 1095 nec
986 1047 1092 1108 proce-

86 1114 151 1172 miis
175 1130 369 1192 praeparare,
392 1115 500 1174 docere
525 1112 725 1188 expositione,
757 1115 933 1188 argumentis
955 1113 1092 1192 probare,
1128 1116 1134 1125 ‘

88 1195 241 1258 affectibus
258 1212 443 1257 commovere
459 1197 596 1255 scierunt.
628 1193 709 1271 Ergo
727 1195 771 1254 his
787 1196 936 1272 omuibus,
953 1214 1011 1255 non
1029 1198 1093 1257 sola

88 1281 301 1360 compositione
318 1288 488 1348 caruerunt;
513 1296 633 1357 quorum
648 1281 672 1338 si
688 1279 750 1338 lieri
772 1278 842 1339 nihil
856 1279 959 1339 melius
975 1279 1092 1356 licebat,

86 1383 124 1425 ne
145 1365 275 1426 domibus
295 1364 415 1444 ¹quidem
438 1382 521 1423 casas
546 1372 595 1422 aut
609 1362 740 1423 vestibus
758 1362 877 1442 pellium
899 1365 1024 1441 tegmina
1046 1373 1094 1425 aut

87 1448 206 1509 urbibus
226 1458 339 1508 montes
362 1465 396 1507 ac
416 1446 506 1507 silvas
527 1449 629 1507 mutari
652 1449 790 1526 oportuit.
836 1447 917 1521 Quae
934 1465 1023 1527 porro
1044 1459 1119 1510 arsa

87 1535 183 1593 statim
206 1530 279 1592 luit?
307 1532 375 1610 quid
393 1548 452 1591 non
473 1531 553 1592 cultu
574 1529 720 1592 mitescit?
749 1550 800 1593 cur
816 1535 891 1592 vites
921 1550 1092 1593 coercemus

86 1612 192 1696 manu?
208 1635 260 1676 cur
276 1635 326 1678 eac
341 1612 485 1675 fodimus?
500 1615 589 1676 rubos
605 1618 680 1675 arvis
699 1614 879 1677 excidimus?
897 1626 975 1677 terra
993 1627 1022 1676 et
1038 1616 1092 1676 bos

87 1709 224 1778 generat;
249 1699 489 1761 mansuefacimus
505 1696 657 1759 animalia?
681 1701 816 1761 indomita
832 1710 997 1760 nascuntur.
1034 1700 1091 1760 Ve-

87 1803 150 1845 rum
170 1784 198 1843 id
225 1794 270 1845 est
294 1784 417 1844 maxime
441 1783 588 1858 naturale,
610 1784 688 1860 quod
710 1785 772 1844 beri
794 1794 895 1844 natura
918 1786 1025 1863 optime
1042 1803 1091 1862 pa·

86 1871 164 1929 titur.
197 1867 313 1929 Fortius
324 1881 396 1927 vero
416 1867 483 1946 quid
499 1869 720 1945 incompositum
735 1876 832 1946 potest
848 1886 915 1926 esse
934 1886 1017 1946 quam
1033 1870 1120 1933 vin-6

89 1961 166 2012 ctum
184 1962 214 2012 et
236 1951 313 2013 bene
334 1949 531 2013 collocatum?
572 1950 687 2030 Neque,
711 1953 735 2010 si
760 1953 841 2029 parvi
864 1952 956 2031 pedes
971 1954 1028 2011 vim
1042 1952 1091 2010 de·

86 2036 202 2097 trabunt
216 2037 320 2113 rebus,
340 2046 370 2096 ut
382 2035 574 2097 Sotadeorum
591 2044 619 2095 et
634 2034 857 2096 Galliamborum
872 2044 902 2095 et
916 2035 1092 2113 quorundam

86 2121 263 2184 irroratione
280 2121 365 2181 simili
383 2138 476 2200 paene
492 2120 608 2181 licentia
627 2119 854 2195 lascivientium,
874 2120 1091 2198 compositionis

88 2214 135 2266 est
149 2205 339 2278 iudicandum.
381 2203 517 2265 Ceterum
533 2214 639 2284 quanto
654 2204 855 2265 veliementior
868 2203 1012 2264 fluminum
1029 2214 1120 2270 cur-7

88 2307 138 2348 sus
161 2298 206 2348 est
227 2306 321 2369 prono
343 2290 428 2351 alveo
451 2307 486 2350 ac
502 2290 597 2349 nullas
618 2306 714 2350 moras
736 2289 891 2349 obiiciente
913 2306 998 2369 quam
1017 2291 1093 2348 inter

88 2372 233 2434 obstantia
254 2391 325 2435 saxa
351 2374 450 2434 fractis
476 2375 558 2452 aquis
579 2392 613 2434 ac
633 2372 858 2435 reluctantibus:
890 2383 987 2448 tanto,
1018 2391 1092 2452 quae

88 2474 221 2519 connexa
241 2467 287 2518 est
307 2467 337 2518 et
356 2461 425 2519 totis
445 2458 554 2517 viribus
580 2456 657 2533 linit,
682 2458 802 2535 fragosa
822 2466 909 2536 atquc
933 2459 1092 2536 interrupta

86 2541 191 2602 melior
219 2543 322 2603 oratio.
373 2539 432 2602 Gur
454 2559 526 2618 ergo
548 2543 628 2601 vires
650 2543 735 2620 ipsas
755 2542 857 2620 specie
883 2540 959 2601 solvi
981 2549 1092 2618 putent,

87 2626 203 2705 quaudo
217 2644 265 2685 res
281 2643 336 2685 nec
349 2624 408 2684 ulla
424 2626 486 2684 sine
502 2632 564 2684 arte
579 2626 650 2684 satis
665 2624 780 2699 valeat,
802 2633 833 2683 et
851 2624 1004 2683 comitetur
1018 2640 1092 2682 sen·

86 2728 142 2788 per
166 2718 255 2769 artem
279 2705 392 2768 decor?
432 2707 479 2768 An
502 2723 560 2767 nou
582 2726 664 2784 eam,
692 2725 767 2787 quae
783 2709 887 2765 emissa
907 2707 1014 2786 optime
1036 2713 1121 2782 est,8

87 2793 198 2854 hastam
218 2792 436 2871 speciosissime
457 2800 617 2852 contortam
637 2791 708 2852 lerri
728 2790 873 2859 videmus;
896 2800 926 2851 et
941 2808 1009 2851 arcu
1025 2790 1091 2851 diri·

87 2878 215 2955 gentium
237 2876 314 2954 tela,
336 2892 393 2955 quo
413 2877 523 2936 certior
542 2893 658 2955 manus,
679 2875 736 2935 boc
756 2884 801 2935 est
815 2873 929 2937 habitus
950 2878 1014 2954 ipse
1033 2876 1091 2936 ior·

87 2959 219 3021 mosior‘l
264 2960 322 3021 lam
344 2962 500 3021 certamine
526 2977 668 3020 armorum
691 2968 778 3036 atque
799 2960 827 3018 in
848 2961 923 3019 omni
945 2959 1092 3038 palaestra

88 3045 155 3124 quid
174 3046 243 3106 satis
260 3054 342 3106 recte
361 3054 481 3106 cavetur
495 3063 530 3106 ac
546 3044 669 3123 petitur,
693 3044 740 3102 cui
755 3059 813 3102 non
828 3043 933 3104 artifex
952 3052 1047 3103 motus
1062 3052 1092 3103 et

87 3131 160 3191 certi
177 3129 290 3208 quidam
310 3130 404 3209 pedes
426 3125 538 3190 assint?
578 3128 675 3201 Quare
694 3125 762 3187 mibi
784 3129 995 3207 compositione
1012 3127 1120 3186 veluti

87 3216 208 3274 amentis
232 3213 402 3293 quibusdam
427 3215 563 3273 nervisve
588 3211 696 3272 intendi
718 3220 748 3272 et
768 3212 908 3273 concitari
930 3212 1092 3271 sententiae

87 3297 229 3357 videntur.
266 3296 395 3377 ideoque
408 3298 601 3359 eruditissimo
616 3298 721 3375 cuique
733 3312 903 3375 persuasum
914 3302 975 3371 cst,
991 3292 1092 3354 valere

87 3398 151 3441 eam
176 3380 327 3459 plurimum
353 3398 411 3441 nou
434 3381 470 3442 ad
496 3380 719 3442 delectationem
739 3378 825 3440 modo
850 3379 903 3440 sed
930 3377 1092 3438 admotum

86 3480 205 3544 quoque
222 3466 388 3525 animorum.
430 3464 552 3525 l’rimum
571 3464 638 3545 quia
657 3464 726 3525 nibil
747 3465 854 3524 intrare
870 3471 967 3541 potest
982 3463 1011 3521 in
1025 3460 1134 3523 alie-lt
