2408 3854
356 180 446 229 assu.
460 180 610 229 onnuon.
624 181 694 228 usn.
707 180 740 246 x,
752 177 778 230 s.
794 176 820 229 a.
1033 167 1090 229 171

87 335 126 397 lli.
142 334 253 396 Tullius
272 330 365 394 ttxttt
394 331 462 394 blibi
478 334 592 413 quidem
607 336 677 394 satis
694 345 783 411 esset,
801 337 825 395 si
842 336 936 395 omnia
952 336 1093 414 consequi

87 437 215 496 possem.
244 417 318 492 Quid
335 425 430 477 tamen
445 429 566 480 noceret
581 421 637 479 viru
652 416 798 495 Caesaris,
817 422 1002 499 asperitatem
1019 417 1092 480 an·
1151 422 1160 437 ⁴

87 503 135 579 lii,
160 502 338 579 diligentiam
359 500 515 577 Pollionis,
537 503 672 565 iudicium
690 502 772 566 Oalvi
788 504 956 581 quibusdam
974 505 1002 562 in
1018 504 1092 563 locis

86 581 258 647 assumere?
288 584 360 645 Nam
376 595 494 664 praeter
509 589 536 648 id
549 589 627 666 qnod
642 589 792 668 prudentis
807 596 862 664 est,
880 586 957 666 quod
974 589 1002 646 in
1020 604 1090 665 quo·
1101 598 1135 651 26

86 689 144 748 que
167 671 306 747 optimum
327 678 389 745 est,
408 672 433 728 si
455 673 564 750 possit,
588 691 669 732 suum
685 673 800 734 iacere:
820 681 879 733 tum
900 674 929 731 iu
950 681 1026 731 tanta
1049 673 1092 730 rei

85 754 258 814 diilicnltate
274 770 359 813 mum
373 755 517 815 intuentes
532 758 580 816 vix
598 755 694 835 aliqua
710 776 778 836 pars
794 759 934 836 sequitur.
961 755 1090 834 Ideoque

57 871 61 879 ·
85 857 149 898 cum
165 846 256 897 totum
271 838 436 915 exprimere
458 857 542 918 quem
563 840 691 918 elegeris
707 859 801 920 paene
818 842 855 900 sit
870 840 975 901 bomini
993 842 1090 899 incon·

86 940 219 982 cessum:
236 921 359 999 plurium
374 920 450 983 bona
465 941 605 1002 ponamus
622 934 689 984 ante
705 925 819 1001 oculos,
838 933 868 984 ut
883 923 960 984 aliud
978 942 1015 983 ex
1032 924 1090 984 alio

85 1005 216 1081 haereat,
235 1014 264 1064 et
280 1006 357 1083 quod
374 1009 478 1084 cuique
494 1007 561 1068 loco
579 1011 732 1069 conveniat
749 1018 888 1087 aptemus.

169 1089 292 1150 lmitatio
308 1097 402 1150 autem
415 1090 495 1169 (uam
513 1095 629 1170 saepius
641 1092 718 1152 idem
732 1093 840 1171 dicam)
858 1109 916 1151 non
932 1093 969 1152 sit
984 1099 1131 1155 tantumti

85 1177 113 1235 in
127 1173 238 1236 verbis.
273 1173 347 1233 llluc
368 1175 540 1237 intendenda
560 1194 660 1252 mens,
690 1185 825 1255 quantum
844 1175 931 1235 fuerit
945 1174 1003 1235 itlts
1021 1177 1090 1235 viris

85 1252 203 1319 decoris
219 1259 247 1318 in
259 1256 347 1317 rebus
362 1267 450 1337 atque
465 1262 611 1339 personis,
630 1260 707 1340 quod
720 1262 881 1336 consilium,
901 1276 975 1338 qnae
991 1259 1088 1336 dispo·

85 1345 169 1416 sitio,
192 1359 278 1421 quam
293 1343 405 1419 omnia,
429 1347 515 1406 etiam
542 1362 616 1423 qnae
637 1344 826 1405 delectationi
847 1343 999 1403 videantur
1012 1343 1089 1416 data,

86 1426 121 1486 ad
141 1427 292 1486 victoriam
313 1436 462 1504 spectent;
486 1429 553 1508 quid
571 1436 673 1506 agatur
693 1430 864 1507 prooemio,
882 1444 956 1506 qnae
970 1427 1043 1486 ratio
1060 1434 1089 1486 et

85 1527 170 1588 quam
184 1510 264 1570 naria
280 1511 424 1588 narrandi,
442 1515 577 1591 quaevis
593 1512 733 1592 probandi
749 1530 784 1575 ac
799 1510 964 1586 reielleudi,
984 1517 1089 1589 quanta

83 1594 111 1653 in
127 1592 280 1654 affectibus
296 1597 388 1655 omnis
406 1599 523 1673 generis
539 1597 688 1658 movendis
703 1599 841 1672 scientia,
866 1613 1009 1675 quamque
1026 1594 1088 1655 laus

84 1681 147 1755 ipsa
163 1677 313 1756 popularis
335 1679 464 1740 utilitatis
485 1682 578 1757 gratia
592 1691 755 1761 assumpta,
778 1698 853 1760 quae
878 1689 934 1739 turn
958 1689 1003 1739 est
1025 1679 1088 1759 pul·

84 1761 238 1837 cherrima,
252 1779 316 1821 cunr
328 1765 459 1842 seqnitur
471 1780 529 1823 uon
541 1782 604 1824 cnm
613 1768 780 1825 arcessitur.
802 1763 882 1823 llaec
893 1765 917 1822 si
929 1760 1088 1841 pervideri·

83 1863 157 1920 mus,
173 1854 232 1905 turn
244 1863 316 1905 vere
337 1845 517 1907 imitabimur.
556 1846 612 1921 Qut
625 1866 697 1909 vero
719 1850 805 1909 etiam
819 1849 938 1925 propria
951 1845 996 1907 bis
1014 1845 1130 1908 bonattt

81 1929 234 2004 adiecerit,
250 1939 282 1989 nt
297 1929 434 2008 suppleat
450 1948 526 2009 quae
542 1931 677 2008 deerant,
699 1930 901 2006 circumcidat,
918 1930 943 1989 si
959 1929 1026 2007 quid
1042 1945 1088 1987 re·

83 2011 235 2074 dundahit:
260 2014 285 2072 is
301 2015 372 2090 erit,
399 2032 485 2093 quem
502 2018 681 2094 quaerimus,
704 2015 854 2094 perlectus
870 2022 984 2081 oraton
1002 2029 1087 2090 quem

83 2117 158 2160 nuuc
191 2097 382 2160 consummari
408 2100 586 2178 potissimum
612 2108 763 2180 oporteat,
798 2116 862 2158 cum
894 2106 972 2157 tanto
1003 2093 1088 2175 plura

83 2182 218 2262 exempla
233 2182 309 2243 bene
326 2181 441 2244 dicendi
456 2186 611 2263 supersint,
628 2202 712 2264 mam
727 2183 795 2259 illis,
813 2183 861 2261 qui
878 2181 972 2242 adbuc
986 2178 1087 2239 summi

84 2276 159 2343 sunt,
189 2269 381 2346 contigerunt.
422 2268 494 2329 Nam
514 2270 570 2328 erit
591 2269 665 2329 baec
693 2285 809 2346 quoque
832 2268 894 2327 laus
915 2260 1032 2339 eorum,
1056 2270 1088 2322 ut

84 2353 197 2429 priores
215 2369 383 2431 superasse,
396 2362 532 2431 posteros
548 2351 684 2414 docuisse
698 2351 837 2413 dicantur.

393 2503 547 2563 QUOMODO
564 2503 779 2556 scematibus.

166 2597 216 2658 lll.
249 2597 286 2658 m
309 2599 382 2660 lraec
404 2600 519 2680 quidem
538 2601 644 2662 auxilia
663 2602 843 2662 extrinsecus
859 2596 1041 2663 adnitentum
1057 2597 1087 2655 iu

81 2684 117 2742 iis
134 2698 208 2760 quae
224 2680 392 2763 nobisipsis
403 2685 530 2762 paranda
545 2694 620 2760 sunt,
637 2694 666 2743 ut
681 2683 789 2745 laboris
802 2684 846 2741 sic
857 2681 985 2741 utilitatis
999 2678 1087 2740 etiam

82 2769 172 2842 longe
183 2765 334 2845 plurimum
352 2767 436 2827 aliert
451 2768 517 2830 stil
526 2786 575 2827 us.
605 2767 669 2828 Nec
682 2767 823 2828 immerito
834 2764 873 2825 bl.
887 2763 998 2824 'lullius
1010 2761 1086 2823 bunc

81 2854 225 2931 optimum
254 2850 426 2935 effectorem
449 2871 489 2914 aa
521 2852 701 2930 maptstrum
728 2850 854 2912 dicendi
876 2848 1006 2914 vocavit3
1040 2847 1086 2907 oui

82 2937 244 2996 sententiae
267 2953 422 3015 personam
441 2934 471 2996 L.
494 2933 593 2994 Orassi
615 2937 643 2995 in
668 2932 907 3013 disputationibus
929 2939 1085 3009 quaesunt
1128 2952 1132 2957 ·

84 3018 122 3078 de
139 3028 257 3080 oratore
275 3021 466 3098 assignando,
489 3019 622 3080 iudicium
643 3037 725 3078 snum
743 3035 807 3077 cum
821 3016 898 3077 illius
913 3014 1085 3075 auctoritate

85 3103 241 3164 coniunxit.
284 3104 472 3165 scribendum
493 3120 565 3180 ergo
594 3120 679 3182 qnam
700 3101 919 3179 diligentissime
944 3107 974 3158 et
999 3104 1111 3176 quam‘t

83 3185 244 3264 plurimum.
275 3187 346 3249 Nam
361 3197 392 3248 nt
406 3198 484 3248 terra
499 3188 584 3248 altius
605 3186 713 3247 ellossa
726 3185 901 3262 generandis
915 3178 1084 3258 alendisque

83 3269 240 3330 seminibus
261 3272 411 3333 fecundior
431 3272 476 3332 lit:
495 3273 538 3331 sic
560 3270 711 3350 proiectus
733 3285 791 3328 uon
810 3287 826 3329 a
847 3282 956 3326 summo
976 3265 1085 3342 petitus

83 3353 242 3414 studiomm
257 3357 367 3416 iructus
383 3365 412 3416 et
428 3355 519 3416 fundit
531 3354 649 3415 uberius
664 3363 694 3414 et
713 3352 826 3415 iidelius
844 3350 981 3410 continet.
1013 3343 1085 3407 Nam

84 3438 147 3497 sine
160 3439 215 3500 hae
233 3440 348 3519 quidem
364 3441 541 3501 conscientia
562 3441 624 3517 ipsa
641 3437 690 3498 illa
709 3455 747 3505 eu
761 3446 898 3514 tempore
914 3432 1100 3493 dieendxtn-
