2408 3854
121 196 179 263 108
435 213 471 260 ιι.
489 211 568 258 nno.
584 209 804 270 curnurmnm

116 368 307 442 viverevult,
325 375 446 426 mortem
462 366 558 445 potins
575 365 651 425 male
672 373 753 443 petat
769 383 853 444 quam
869 368 984 425 omnino
1000 382 1057 424 non
1072 383 1125 444 pe·

74 462 166 518 natat.
204 450 269 510 Non
286 460 380 511 tamen
396 466 490 527 nego,
510 467 578 509 esse
601 451 817 509 controversias
839 449 1002 509 huiusmodi
1019 449 1126 527 ligura·

117 546 175 596 tas:
198 546 229 595 ut
246 544 291 595 est
311 532 379 609 illa,
398 533 482 594 Rene
499 534 683 612 parricidii,
706 536 788 611 qnod
800 534 932 612 [intrent
949 535 1126 609 occidisset,

117 622 296 683 damnatum
310 620 353 680 in·
367 618 547 687 aldebertum
570 626 663 697 poter
681 637 740 697 pro
755 619 921 679 testimonio
938 619 1034 694 dicit,
1057 637 1127 680 eune

115 704 286 765 scindente
303 704 437 782 fecioee;
458 703 781 765 obsolutnmcbdieot.
816 700 888 762 llam
908 719 1004 780 neque
1029 703 1057 760 in
1079 708 1126 762 to-

117 799 175 847 tum
191 787 250 846 lilio
273 787 367 865 parcit
386 803 457 860 neo,
482 786 560 864 quod
584 787 683 864 priore
706 785 812 846 iudicio
829 786 998 861 affirmavit,
1014 794 1127 846 mutare

117 871 212 949 palam
227 879 327 948 potest
344 878 390 945 et,
411 879 441 928 ut
459 886 517 928 non
532 869 615 930 durat
631 869 706 929 ultra
723 886 848 947 poenam
864 869 1071 945 abdicationis,
1088 872 1127 929 ita

117 955 232 1014 abdicat
248 948 356 1018 tament
380 963 409 1013 et
431 953 540 1033 alioqui
563 953 655 1031 figura
677 954 705 1012 in
726 963 839 1032 patrem
855 953 921 1032 plus
937 953 1023 1029 iacit,
1040 971 1127 1032 quarn

75 1039 195 1114 89licet,
212 1040 240 1098 in
256 1037 345 1099 lilium
363 1039 465 1097 miuus.
505 1037 542 1098 Ut
558 1046 653 1097 autem
674 1054 759 1097 nemo
780 1046 880 1097 contra
897 1037 942 1114 id,
959 1036 1131 1115 quodvult,

117 1123 202 1199 dicit,
229 1123 267 1182 ita
289 1130 387 1203 potest
402 1121 505 1181 melius
521 1122 629 1200 aliquid
643 1121 739 1197 velle,
754 1139 838 1200 quam
856 1122 942 1181 dicit:
965 1120 1127 1199 quomodo

117 1205 168 1266 ille
183 1206 365 1283 abdicatus,
387 1207 440 1285 qni
462 1215 606 1285 epatre,
629 1215 661 1266 nt
682 1205 778 1284 filium
796 1209 967 1284 eepositnm
987 1214 1016 1266 et
1036 1205 1077 1266 ab
1093 1222 1130 1266 eo

118 1291 281 1352 educatum
295 1292 401 1352 solertis
415 1290 567 1351 alimentis
582 1290 735 1368 recipiat,
752 1291 899 1368 postulat,
915 1289 1051 1349 revocari
1067 1288 1127 1348 ior·

75 1385 111 1438 90
119 1382 197 1434 tasse
212 1374 335 1450 mavult,
359 1390 416 1433 non
437 1383 532 1433 tamen
549 1371 626 1452 quod
643 1374 715 1452 petit
731 1391 789 1434 non
804 1372 875 1433 vult.
905 1372 959 1433 Est
981 1373 1076 1433 latens
1099 1383 1128 1433 et

50 1494 53 1499 ,
118 1457 168 1517 illa
188 1458 379 1535 significatio,
404 1475 477 1536 qua,
504 1475 567 1516 eum
589 1458 634 1516 ius
655 1459 789 1535 asperius
808 1460 916 1536 petitur
931 1475 948 1518 a
963 1456 1075 1534 iudice,
1097 1457 1129 1517 lrt

119 1549 213 1600 tamen
230 1559 299 1620 spes
314 1541 409 1620 aliqua
422 1541 605 1617 clementiae,
623 1558 680 1600 non
694 1542 801 1620 palam,
817 1559 855 1602 ne
865 1543 1057 1621 paciscamur,
1074 1539 1128 1602 sed

118 1643 172 1703 per
194 1624 335 1703 quandam
358 1624 526 1685 credibilem
547 1626 760 1704 suspicionem,
787 1629 866 1686 utin
888 1625 985 1686 multis
1010 1632 1128 1685 contro·

118 1711 222 1769 versiis
249 1709 347 1769 sedin
367 1709 422 1769 lrac
443 1725 576 1788 quoque:
596 1709 734 1788 Raptor,
749 1712 811 1771 nisi
833 1712 917 1771 intro
940 1710 1128 1787 tricesimum

118 1795 198 1855 eliens
209 1802 238 1854 et
255 1801 367 1872 rnptne
377 1801 498 1871 putrem
510 1802 538 1854 et
548 1812 636 1854 snum
649 1797 836 1871 exoraverit,
844 1801 974 1873 perenn
985 1795 1039 1871 poi
1055 1811 1129 1857 eco-

118 1887 187 1939 roto
202 1886 313 1958 raptae
323 1887 512 1956 putrescunt
525 1895 585 1939 non
595 1885 715 1953 encrat,
731 1881 794 1958 opit
809 1897 879 1941 enne
894 1897 929 1940 eo
944 1879 1126 1943 dementiae.

76 1961 188 2025 91Nam
211 1962 235 2020 si
251 1963 397 2039 promittat
412 1961 460 2021 lric
481 1970 581 2040 pater:
609 1960 645 2020 lis
667 1962 792 2030 tollitur;
817 1963 842 2022 si
863 1962 971 2022 nnllam
986 1979 1069 2041 spem
1085 1962 1128 2022 ia·

120 2047 190 2105 ciat:
207 2052 307 2105 utnon
322 2046 457 2121 demens,
482 2044 608 2105 erudelis
626 2054 707 2106 certe
728 2047 861 2106 videatur
876 2056 905 2106 et
920 2065 935 2106 a
950 2063 984 2106 se
999 2044 1126 2106 iudicem

32 2140 34 2144 “
117 2137 238 2190 auertat.
276 2129 362 2189 Latro
395 2130 482 2207 igitur
509 2130 633 2208 optime:
670 2127 803 2192 Oenides
829 2133 923 2210 erpo?
949 2129 986 2191 Si
1008 2137 1127 2209 potero.

118 2214 278 2273 Remissius
300 2222 330 2273 et
352 2228 405 2291 pro
427 2229 481 2273 suo
503 2214 620 2290 ingenio
642 2224 726 2292 pater
744 2213 858 2275 Gallio:
882 2213 991 2290 Dure,
1012 2215 1126 2289 anime,

76 2299 218 2368 tadum
237 2298 312 2360 ltere
330 2299 440 2377 fortior
456 2298 552 2376 faioli.
591 2295 721 2358 Conlinia
743 2308 809 2359 sunt
825 2299 869 2359 his
886 2296 1034 2359 celebrata
1050 2298 1127 2377 apud

120 2379 250 2441 Graecos
268 2381 432 2458 schemata,
454 2399 508 2459 per
526 2399 600 2459 qnae
618 2400 666 2442 res
684 2400 806 2462 asperas
821 2383 937 2443 mollius
951 2383 1125 2460 significant.

119 2464 191 2525 Nam
206 2463 419 2526 Themistocles
435 2467 563 2525 suasisse
585 2467 764 2527 existimatur
780 2465 1016 2543 Atheniensibus,
1032 2475 1065 2526 ut
1079 2484 1126 2526 ur·

118 2549 184 2609 bem
198 2551 286 2629 opud
298 2551 372 2611 deos
386 2552 590 2628 deponerent,
613 2551 680 2628 quia
695 2550 795 2610 dorum
813 2560 875 2612 erat
890 2551 1008 2626 dicere,
1029 2560 1061 2609 ut
1075 2570 1127 2612 re·

117 2636 298 2712 linquerent.
330 2631 383 2709 Et,
409 2634 459 2713 qui
480 2633 625 2694 Victorias
648 2651 751 2694 aureas
770 2635 800 2693 in
820 2652 902 2694 usum
916 2633 987 2694 belli
1006 2634 1126 2694 condari

117 2717 254 2793 volebat,
279 2718 317 2778 ita
339 2716 510 2793 declinavit,
534 2719 671 2779 victoriis
687 2720 831 2780 utendum
846 2737 923 2780 ease.
958 2716 1062 2778 Totum
1077 2736 1122 2776 au·

119 2809 177 2859 tem
193 2800 354 2879 allegoriae
370 2801 463 2861 simile
479 2811 540 2878 est,
565 2801 643 2863 aliud
667 2802 767 2863 dicere
788 2801 865 2863 aliud
884 2801 1010 2878 intelligi
1032 2800 1124 2861 velle.

77 2881 288 2957 continentum
317 2887 402 2945 etiam
424 2895 485 2962 est,
516 2887 661 2964 quomodo
689 2887 862 2964 responderi
890 2894 991 2945 contra
1016 2886 1127 2964 liparas

119 2975 280 3044 oporteret.
314 2967 351 3027 lit
382 2969 496 3046 quidam
518 2987 633 3048 semper
654 2988 691 3030 ex
713 2971 830 3031 diverso
854 2971 1028 3049 aperiendas
1043 2978 1125 3049 pata·

118 3059 231 3127 verunt,
248 3051 322 3111 sieut
342 3051 459 3112 latentia
473 3054 541 3113 vitia
556 3054 766 3119 rescinduntur.
794 3052 887 3132 quue
902 3070 972 3114 sarrs
986 3053 1125 3132 frequen»

119 3136 229 3194 tissime
245 3135 406 3196 laciendum
425 3145 484 3203 est;
508 3137 593 3197 aliter
611 3139 687 3198 enim
702 3137 771 3197 dilui
788 3136 903 3198 obiecta
918 3153 976 3197 non
990 3146 1124 3216 possunt,

120 3220 218 3297 utique
236 3237 300 3279 cum
316 3222 448 3299 quaestio
464 3222 492 3279 in
509 3238 546 3281 eo
562 3222 704 3298 consistit,
722 3221 800 3300 quod
815 3221 926 3300 ligurae
941 3230 1053 3300 petunt.
1086 3222 1126 3282 At

119 3321 184 3362 eum
198 3304 353 3364 maledicta
369 3313 433 3363 sunt
451 3313 571 3366 tantum:
595 3315 624 3366 et
637 3323 695 3366 non
712 3304 878 3384 intelligere
894 3307 1008 3366 interim
1024 3314 1055 3366 et
1068 3305 1125 3367 dis·

76 3388 253 3449 assimulare
280 3385 379 3448 bonae
405 3390 602 3449 conscientiae
628 3399 682 3449 est.
729 3388 826 3468 Atque
855 3391 990 3450 etiamsi
1018 3389 1127 3450 inerint

118 3471 283 3531 crebriores
299 3472 426 3550 figurae,
443 3489 526 3550 quam
540 3481 571 3532 ut
588 3472 759 3534 dissimulari
773 3475 903 3552 possint,
921 3473 1126 3554 postulandum
