2408 3854
145 191 207 253 252
460 205 497 250 n.
515 203 595 250 nnn.
612 203 833 263 ournrrnrnnr

144 359 270 436 laboris,
288 375 374 437 wem
390 358 470 418 ferre
486 355 669 417 tendentibus
687 356 723 417 ad
739 357 934 436 eloquentiam
951 377 1078 419 neeesse
1101 369 1157 440 est,

145 443 328 521 confugerint
352 443 388 504 ad
408 441 483 502 haee
508 440 690 501 deverticula
714 441 854 502 desidiae.
892 440 1022 516 Quorum
1044 443 1095 504 alii
1122 463 1156 505 so

144 528 180 588 ad
202 527 298 588 album
320 545 356 588 ao
383 526 516 587 rubricas
545 523 754 585 transtulerunt
778 535 807 586 et
835 525 994 587 formularii
1020 527 1088 604 vel,
1125 536 1158 588 at

144 609 250 672 (lioero
269 612 318 687 ait,
334 611 457 690 lepulet'i
471 608 588 688 quidem
603 626 672 669 esse
687 609 864 685 maluerunt,
883 618 1018 689 tanquam
1035 611 1157 672 utiliora

105 707 135 759 tu
143 695 288 774 eligentes
304 713 355 771 ea,
373 711 496 773 quorum
511 692 604 753 solam
622 692 792 753 facilitatem
807 693 1019 773 sequebantur;
1042 695 1092 755 ulii
1111 696 1155 774 pi-

142 781 246 857 gritiae
269 779 493 857 arrogantiam,
517 777 567 856 qni
586 775 682 837 subito
700 777 796 838 fronte
820 777 944 838 ooniiota
963 780 1155 858 immissaque

142 863 247 940 barba,
272 862 363 923 veluti
383 862 590 942 despexissent
614 861 740 921 oratoria
762 871 939 940 praeoepta,
958 863 1080 941 paulum
1102 863 1154 922 uli·

143 947 211 1026 quid
234 946 373 1007 sederunt
395 948 424 1006 in
445 944 556 1006 sobolis
573 943 853 1024 philosophantium,
879 955 909 1006 ut
927 946 1033 1007 deinde
1049 948 1079 1006 in
1102 964 1154 1025 pu·

70 1044 72 1051 ·
142 1030 221 1091 blico
237 1031 346 1107 tristes,
364 1031 441 1092 domi
456 1028 589 1090 dissoluti
602 1038 753 1108 captarent
769 1031 970 1091 auctoritatem
983 1039 1155 1109 contemptu

143 1124 317 1175 ceterorum.
345 1113 534 1193 Philosophia
546 1114 622 1173 enim
634 1114 762 1174 simulari
779 1122 893 1192 potest,
914 1114 1081 1193 eloquentia
1096 1131 1154 1176 uon

141 1207 248 1278 potest.

478 1280 559 1332 ITEM
576 1279 807 1333 fllsuonlnntttt.

223 1366 273 1428 IV.
302 1365 334 1426 ln
354 1367 453 1445 primis
468 1381 541 1425 vero
565 1364 712 1425 abundare
730 1365 819 1426 debet
837 1375 938 1427 orator
958 1365 1152 1445 exemplo·

141 1469 212 1512 rum
228 1452 341 1529 eopia
366 1467 431 1510 oum
445 1457 577 1509 veteram
592 1458 651 1509 tum
666 1451 752 1510 etiam
768 1467 926 1527 novorum,
948 1451 1024 1525 adeo
1048 1458 1153 1512 utnon

134 1534 289 1610 eomodo,
307 1551 382 1612 quae
400 1533 567 1611 oonsoripta
583 1540 648 1592 sunt
662 1532 790 1594 historiis
807 1543 855 1595 aut
869 1534 1052 1595 sermonibus
1069 1535 1153 1595 velut

141 1637 194 1697 per
211 1635 311 1679 manus
331 1617 453 1693 tradita,
478 1634 612 1695 quaeque
629 1617 736 1678 ootidie
752 1627 891 1696 aguntur,
916 1619 1023 1680 debeat
1048 1635 1150 1695 nosse,

139 1721 239 1762 verum
256 1720 293 1761 ne
315 1701 503 1779 sequidem,
534 1709 694 1779 quaesunt
716 1720 732 1762 a
756 1701 928 1763 clarioribus
951 1704 1047 1783 poetis
1071 1700 1149 1778 bota,

112 1796 128 1848 2
141 1787 303 1864 negligere.
331 1783 403 1845 Num
418 1785 467 1845 illa
484 1785 600 1864 quidem
616 1787 716 1864 priora
731 1796 779 1846 aut
793 1789 1023 1847 testimoniorum
1039 1797 1089 1849 aut
1108 1788 1149 1846 iu·

138 1868 298 1931 dieatorum
319 1869 451 1929 obtinent
475 1869 587 1938 looum;
616 1869 669 1929 sed
688 1869 763 1931 haee
785 1887 902 1950 quoque
924 1879 973 1932 ant
992 1872 1150 1932 vetustatis

138 1953 195 2035 fide
219 1963 279 2014 tuta
302 1962 367 2013 sunt
388 1962 436 2014 aut
458 1952 674 2014 abdominibus
697 1955 807 2032 magnis
828 1965 1055 2035 praeceptorum
1079 1956 1149 2015 loeo

138 2037 204 2098 llota
220 2035 384 2098 ereduntur.
417 2037 497 2097 Sciat
518 2054 591 2115 ergo
607 2054 693 2117 quam
707 2037 842 2117 plurima;
867 2039 944 2100 unde
963 2041 1049 2100 etiam
1073 2039 1148 2099 seni·

137 2121 190 2181 bus
212 2122 370 2183 auotoritas
391 2122 482 2181 maior
498 2131 560 2197 est,
584 2121 661 2200 quod
687 2122 771 2200 plura
793 2140 883 2183 nosse
903 2132 933 2183 et
952 2123 1064 2184 vidisse
1084 2141 1148 2182 ere·

138 2204 256 2281 duntur,
280 2204 359 2285 quod
377 2204 520 2265 Homerus
533 2205 769 2285 frequentissime
785 2216 918 2268 testatur.
949 2209 1010 2269 Sed
1027 2223 1084 2268 non
1101 2214 1150 2266 est

138 2288 322 2367 expectanda
337 2288 434 2348 ultima
449 2297 548 2364 aetas,
567 2306 631 2350 oum
649 2290 743 2351 studia
757 2300 925 2369 praestent,
943 2302 989 2368 ut,
1011 2298 1148 2371 quantum

138 2373 174 2434 ad
199 2373 395 2450 cognitionem
417 2374 544 2450 pertinet
571 2390 684 2449 rerum,
718 2377 804 2434 etiam
827 2377 993 2455 praeteritis
1018 2373 1147 2435 saeculis

138 2457 246 2517 vixisse
264 2456 423 2517 videamur.

253 2610 341 2671 donn
360 2609 435 2660 SINT
453 2609 551 2662 nnuts
571 2610 763 2663 onnuottrnn
782 2611 1026 2664 INSTRUMENTA.

219 2707 267 2784 V„
285 2706 367 2768 llaeo
391 2715 473 2783 sunt,
504 2725 580 2788 quae
605 2727 652 2768 me
673 2707 851 2769 redditurum
872 2709 1080 2787 promiseram,
1103 2706 1146 2766 in·

136 2798 292 2852 strumenta
314 2808 372 2851 non
388 2793 476 2867 artis,
498 2801 529 2851 nt
545 2792 659 2871 quidam
675 2800 865 2871 putaverunt,
895 2792 948 2853 sed
969 2793 1060 2870 ipsius
1079 2807 1145 2851 ora·

135 2874 217 2932 toris.
256 2873 337 2935 liaeo
359 2893 438 2936 arma
453 2874 565 2935 babere
583 2875 619 2937 ad
635 2895 764 2953 manum,
789 2875 891 2936 luorum
910 2876 1032 2936 seientia
1054 2872 1146 2934 debet

136 2974 204 3016 esse
220 2959 396 3034 suooinotus‚
413 2959 576 3020 decedente
591 2960 747 3021 verborum
763 2960 979 3039 figurarumque
997 2957 1077 3019 lucili
1094 2975 1143 3017 eo·

135 3042 183 3118 pia
206 3050 235 3101 et
257 3042 432 3101 inventionis
456 3044 568 3104 ratione
592 3052 622 3104 et
646 3044 820 3123 disponendi
844 3064 896 3105 usu
923 3053 952 3103 et
981 3042 1142 3102 memoriae

37 3198 41 3205 ι
135 3124 268 3186 firmitate
285 3132 315 3184 et
330 3127 453 3186 aetionis
464 3129 567 3205 gratia.
591 3128 650 3188 Sed
665 3128 817 3207 plurimum
834 3127 927 3189 exlris
938 3126 1019 3187 valet
1035 3124 1144 3186 animi

135 3209 384 3288 praestantia,
406 3229 491 3290 quam
506 3229 562 3271 neo
578 3220 671 3271 metus
688 3212 802 3289 frangat
817 3230 873 3272 neo
894 3211 1067 3273 aoolamatio
1084 3217 1143 3269 ter·

135 3302 198 3353 reat
224 3311 281 3353 neo
307 3293 482 3355 audientium
509 3296 668 3356 auotoritas
693 3295 768 3356 ultra
795 3295 921 3357 debitam
947 3294 1145 3355 reverentiam

106 3372 237 3437 ntardet.
277 3375 350 3438 Nam
370 3387 401 3438 at
424 3377 614 3439 abominanda
638 3388 703 3439 sunt
729 3381 875 3440 contraria
896 3378 941 3439 luis
962 3379 1032 3439 vitia
1053 3376 1144 3438 eond-

134 3459 261 3540 dentiae,
279 3464 471 3540 temeritatis,
488 3461 691 3542 improbitatis,
708 3464 908 3541 arrogantiae:
927 3465 966 3524 ita
984 3464 1056 3524 eitra
1073 3478 1144 3522 oon·

213 3598 330 3624 Α.
