2408 3854
345 187 435 237 msa.
451 187 601 238 onorat.
617 190 687 239 me.
702 189 750 259 1x,
768 189 794 241 1.
1036 182 1079 243 93

73 346 181 421 utitur,
201 351 273 405 aunt
292 345 344 422 qui
355 350 476 423 putent,
499 343 618 405 ideireo
642 343 708 404 elue
728 347 929 424 eloquentiam
948 351 1081 411 maxime

73 448 144 493 eote
162 427 359 490 laudabilem.
386 424 427 488 Ει
440 445 512 489 aere
523 429 625 488 uulluo
637 428 706 506 fere
716 430 756 490 al>
771 449 805 491 eo
819 432 905 491 loeus
920 432 988 493 eine
1002 449 1080 510 qua·

77 515 152 577 dam
167 512 407 591 conformatione
416 513 724 587 senteutiaedioitur,
739 532 797 574 nee
812 515 900 575 aliud
918 517 1081 593 quiequam

75 605 124 660 eet
140 598 266 673 dicere,
287 595 348 656 uiri
367 613 471 656 omnes
491 604 546 656 aut
565 603 648 657 certe
668 595 839 676 plerasque
857 600 965 676 aliqua
978 601 1081 678 speeie

75 682 253 744 illuurinare
266 680 441 741 sententiae.
474 676 562 751 Quae
576 697 645 740 aum
663 687 694 738 tu
706 682 826 758 optime,
842 679 950 758 Brute,
966 691 1120 760 teoeae,41

76 766 153 844 quid
179 765 287 826 aldaet
311 762 482 826 nominibus
505 764 550 823 uti
573 769 627 823 aut
652 765 820 843 eaomplio?
865 764 1082 828 Tantummodo

74 856 197 912 notatum
216 847 312 910 mous.
349 845 405 908 Sia
424 848 519 926 iqitur
538 846 620 907 dioet
639 847 709 922 ille,
738 865 828 926 quem
849 852 1031 928 eapetimue,
1050 860 1083 912 ut

76 939 178 994 oeroet
201 948 298 1010 saepe
318 931 420 992 multis
433 931 531 992 modu
544 931 655 991 eadem
675 939 703 992 et
723 933 756 993 iu
771 951 834 994 una
855 953 890 994 re
906 933 1034 996 haereat
1050 936 1082 995 iu

75 1017 246 1093 eademque
261 1021 464 1077 commoretur
477 1015 637 1076 sententia.
669 1011 774 1095 Saepe
789 1017 879 1078 etium
894 1025 928 1077 ut
942 1026 1124 1084 eateuuettn

76 1100 214 1179 aliquid,
236 1117 332 1178 saepe
354 1105 388 1159 ut
407 1099 557 1174 irrideat,
579 1105 612 1158 at
632 1098 764 1161 declinet
783 1118 804 1161 a
816 1102 975 1179 proposito
991 1101 1084 1180 delle-

77 1189 201 1262 atatqae
223 1184 424 1252 seutentiam·
446 1190 479 1243 ut
502 1189 674 1261 proponat,
702 1184 777 1261 qaid
799 1185 947 1250 diuturna
960 1186 1020 1255 eit,·
1038 1193 1083 1261 ιιι,

77 1287 147 1331 aum
162 1268 347 1346 transeqerit
360 1268 424 1328 iam
438 1267 573 1344 aliquid,
592 1265 736 1344 definiat,
757 1275 791 1328 ut
810 1287 845 1329 se
865 1269 932 1348 ipre
951 1278 1084 1342 revocet,

77 1361 121 1430 ut,
142 1352 226 1430 quod
241 1352 366 1427 diderit,
382 1351 471 1412 iteret
474 1373 489 1421 ,·
503 1358 537 1412 ut
550 1358 762 1430 arqumeutum
775 1354 896 1414 ratione
908 1352 1084 1429 concludat,

77 1444 111 1498 at
132 1435 355 1514 interroqaudo
374 1442 500 1515 urqeat,
528 1443 562 1495 ut
581 1453 692 1496 rursm
712 1437 804 1513 quati
831 1439 875 1498 ad
893 1438 1085 1515 luterroqata

77 1520 138 1582 oili
151 1521 219 1599 ipae
239 1520 444 1598 respondeam
458 1528 492 1580 ut
508 1527 633 1595 eontra,
649 1537 689 1581 ao
706 1521 808 1598 dieat„
816 1522 921 1600 aeoipi
934 1529 964 1582 et
976 1520 1085 1581 sentiri
1091 1528 1125 1582 4³

77 1604 168 1673 aelim
183 1610 216 1663 ut
230 1603 400 1680 addubitet,
417 1603 493 1682 quid
503 1604 607 1682 potius
621 1612 675 1665 aut
690 1619 750 1682 quo
767 1607 856 1667 modo
871 1605 973 1681 dieat,
985 1613 1020 1666 ut
1035 1606 1084 1664 di-

76 1688 210 1748 oidatia
222 1694 346 1765 partes,
369 1693 402 1748 ιιι
416 1688 536 1766 aliquid
553 1687 708 1765 relinquat
728 1708 769 1750 ao
785 1690 937 1769 neqliqat,
957 1694 991 1749 ut
1014 1695 1086 1748 aute

76 1772 292 1851 praemuniam·
313 1779 347 1832 ut
365 1772 398 1832 iu
410 1791 449 1834 eo
465 1773 544 1847 ipso,
561 1773 594 1832 iu
609 1786 669 1849 quo
683 1773 945 1851 repreleodotur,
963 1773 1086 1851 eulpam

77 1857 110 1917 in
126 1853 343 1917 aduersarium
363 1857 524 1934 conferam·
546 1861 580 1917 ιιι
599 1873 695 1935 saepe
711 1873 779 1916 oum
794 1857 852 1932 iis,
874 1857 927 1932 qui
942 1855 1084 1930 audiunt,

77 1954 296 2017 nonnunquam
315 1940 407 2000 etiam
437 1957 507 2000 oum
531 1938 717 2000 adversario
745 1940 835 2016 quasi
860 1939 1029 2006 deliberet,-
1053 1943 1128 1998 ut44

77 2023 230 2085 lominum
242 2041 342 2084 mores
358 2038 575 2101 sermonesque
592 2023 769 2092 describam
783 2031 816 2083 ut
831 2031 914 2084 muta
930 2022 1086 2100 quaedam

77 2107 233 2186 loquentia
249 2107 395 2184 inducat,
422 2114 456 2168 ut
472 2107 512 2168 ab
533 2126 567 2169 eo
589 2108 671 2184 quod
688 2106 793 2185 aqitur
815 2115 938 2168 auertat
956 2106 1085 2179 animos,

77 2199 111 2253 ut
126 2192 267 2269 saepem
282 2190 468 2252 tttoruauu
484 2192 618 2252 mennae
633 2199 799 2269 omoenm,
815 2199 847 2252 ut
862 2200 933 2252 aute
947 2194 1086 2268 oooupet,

79 2276 163 2354 qaod
175 2275 320 2336 videatur
335 2276 459 2354 opponi,
475 2282 509 2336 ut
524 2282 679 2355 comparet
692 2276 918 2351 similitudines,
934 2280 1088 2334 ululatur

79 2359 239 2438 eaemplie,
259 2367 292 2420 at
306 2360 395 2420 aliud
409 2359 464 2419 alii
483 2360 620 2422 tribuens
637 2361 816 2439 dispertiat,
832 2366 865 2420 ut
878 2359 1086 2437 interpellato·

79 2461 146 2505 rem
162 2452 318 2519 coereeat,
343 2452 376 2505 ut
400 2442 521 2521 aliquid
540 2444 722 2506 reticerem
739 2445 842 2518 dieat,
864 2452 897 2504 ut
920 2442 1087 2515 denuntiet,

80 2528 157 2606 quid
172 2533 293 2602 aaoeat,
310 2533 343 2587 ut
357 2527 483 2587 liberius
500 2528 576 2604 quid
597 2531 731 2603 audeat,
752 2535 785 2588 ut
807 2528 967 2588 irascatur
984 2526 1087 2598 etiam,

78 2620 114 2673 ut
127 2611 270 2690 obiurqet
283 2611 462 2688 aliquando,
479 2618 513 2671 ut
528 2611 722 2690 depreeatur,
737 2620 770 2672 ut
784 2610 953 2690 supplicet,
974 2616 1008 2669 ut
1025 2624 1087 2667 me·

79 2697 210 2772 deutur,
226 2701 259 2755 ut
273 2712 293 2756 a
308 2695 464 2774 proposito
478 2694 611 2756 declinet
625 2695 868 2773 aliquantulum,
889 2701 922 2754 ut
936 2698 1035 2771 optet,
1054 2697 1089 2751 ut

80 2786 264 2856 moeretur,
285 2786 319 2840 at
333 2778 390 2857 {lat
405 2779 461 2854 iia,
477 2779 565 2855 apud
579 2794 656 2857 quoe
670 2779 761 2855 diuet,
775 2779 952 2858 familiaris.
987 2772 1129 2852 Atque45

79 2863 164 2925 alim
186 2863 277 2924 etiam
299 2861 425 2924 dicendi
452 2863 545 2940 quasi
567 2865 695 2924 virtutes
716 2870 881 2941 sequetur,
909 2861 1089 2924 breuitatem

77 2955 171 3027 petet,
187 2963 282 3026 saepe
299 2948 390 3009 etiam
406 2965 471 3008 rem
487 2945 618 3010 diceudo
639 2947 780 3009 mattam
794 2946 908 3022 oeulis,
925 2963 1021 3024 saepe
1035 2962 1089 3005 eu-

79 3048 143 3112 pra
162 3032 242 3109 feret
264 3047 356 3109 quam
374 3030 445 3108 lieri
461 3032 576 3109 poesim
597 3025 780 3110 eiquifieatio
798 3049 894 3110 saepe
912 3031 972 3091 erit
991 3029 1090 3091 malm

81 3129 175 3194 quam
189 3117 306 3192 oratio,
330 3133 426 3195 saepe
445 3115 607 3192 hilaritas,
627 3133 722 3194 saepe
742 3117 826 3178 uitae
846 3120 1091 3190 naturarumque

80 3198 219 3262 imitatio.
240 3194 318 3260 'Hae
332 3202 365 3261 iu
380 3218 493 3278 qaaere
514 3203 607 3280 (uam
629 3199 720 3278 quasi
740 3200 849 3262 ulnam
865 3194 970 3273 eides)
993 3195 1090 3258 omma

82 3279 204 3346 eluceat
218 3290 335 3362 oportet
348 3284 538 3362 eloquentiae
552 3282 740 3364 maqnitudo.
812 3341 814 3343 ,
