2408 3854
360 209 449 257 mur.
464 209 613 261 oneror.
628 203 797 274 nrn.1x,‘s.
1023 196 1078 257 121

77 366 215 427 transitus
234 363 269 423 ad
286 364 401 424 diversa
419 372 450 422 ut
464 364 580 424 similia:
605 396 646 413 -«
666 362 777 434 Breois
794 383 862 426 esre
878 365 1002 441 laboro,
1021 363 1080 427 Od-

76 468 191 512 acurus
204 448 254 528 lio,
272 457 301 507 et
316 465 390 526 quae
407 455 575 527 sequuntur.

163 532 290 592 Tertium
307 540 352 591 est
367 549 460 608 genus
475 533 646 609 figurarum,
674 532 752 611 quod
768 541 816 591 aut
831 532 1015 592 similitudine
1030 533 1125 601 ali-66

78 636 134 697 qua
155 634 260 677 uocum
280 625 329 676 aut
352 615 470 694 paribus
495 625 543 676 aut
565 618 717 676 contrariis
739 618 881 676 convertit
902 618 931 675 in
946 634 980 675 se
995 635 1081 677 aures

78 711 108 761 et
123 703 241 762 excitat.
273 700 346 760 llinc
359 709 403 759 est
418 700 637 777 παρονομασία,
656 719 731 779 quae
747 700 851 760 dicitur
865 701 1012 767 ¹annomi
1022 718 1081 760 na·

76 786 140 846 tio.
177 783 221 845 Ea
249 801 306 844 non
330 801 387 843 uuo
409 784 496 844 modo
526 784 589 843 lieri
608 784 686 844 solet
705 786 758 845 sed
778 802 815 844 ex
835 787 939 845 vicinia
961 784 1083 864 quadam

77 869 219 948 praedicti
234 869 356 927 nominis
376 868 461 928 ducta
485 868 599 930 casibus
616 868 790 929 declinatur:
807 879 837 928 ut
852 867 994 928 Domitius
1010 869 1083 928 Afer

77 971 132 1033 pro
151 951 311 1027 Domitilla,
329 949 441 1014 Mulier
456 955 586 1015 emnium
601 972 706 1013 rerum
726 955 884 1030 imperita,
900 955 933 1013 in
946 953 1084 1014 omnibus

77 1039 172 1100 relius
185 1037 303 1116 inseite.
341 1035 459 1096 Etcum
473 1035 566 1096 verbo
581 1036 656 1096 idem
671 1036 791 1096 verbum
807 1036 872 1114 plus
888 1037 1125 1113 significantertil

78 1121 276 1198 subiungitur:
299 1117 431 1194 Quando
453 1121 538 1183 domo
555 1121 660 1194 doctis,
676 1121 770 1181 domo.
809 1119 920 1193 Quibus
942 1120 1083 1198 exemplis

78 1223 141 1264 sum
157 1207 185 1263 iu
201 1204 277 1264 aliud
293 1223 372 1281 usus,
390 1204 488 1265 sedin
505 1222 561 1265 uno
578 1205 672 1265 lacilis
688 1213 733 1264 est
751 1204 916 1281 geminatio.
947 1205 1081 1281 Παρονο-
1102 1246 1105 1250 »

78 1289 171 1372 μασίᾳ
187 1290 215 1348 ei
230 1289 404 1348 contrarium
425 1297 486 1364 est,
503 1289 581 1367 quod
597 1290 700 1349 ecdem
715 1288 807 1348 uerbo
824 1289 906 1366 quasi
921 1287 1023 1347 lalsum
1038 1305 1082 1346 ar-

77 1374 189 1450 guitur:
213 1370 300 1445 Once
321 1373 373 1434 len
389 1375 524 1452 privatis
545 1374 796 1436 decimiacense
812 1374 863 1434 lem
878 1391 939 1433 non
954 1372 1085 1432 cidebu-

78 1467 140 1519 tor.
172 1454 224 1516 Cui
242 1457 362 1515 conlinis
381 1466 426 1517 est
443 1447 673 1535 ἆνεανάκλασις,
695 1457 824 1517 eiusdem
840 1455 923 1515 verbi
939 1457 1128 1520 conuertens

78 1540 263 1618 significatio.
301 1537 371 1600 Cum
395 1540 564 1602 Proculeius
588 1551 761 1621 quereretur
787 1540 824 1601 de
850 1540 927 1615 lilio,
960 1540 1036 1619 quod
1057 1541 1082 1598 is

78 1634 200 1685 mortem
222 1642 302 1684 suam
320 1633 514 1705 expectoret,
538 1635 566 1685 et
589 1626 639 1686 ille
660 1627 797 1698 dixisset,
819 1644 853 1684 re
867 1643 941 1685 vero
956 1644 1017 1686 nort
1031 1642 1083 1685 erc·

77 1716 224 1791 pectore:
246 1707 357 1785 Immo,
375 1710 481 1787 iuquit,
498 1728 573 1789 roqo
588 1719 740 1789 expectes.
776 1707 842 1767 Non
858 1726 896 1768 ex
913 1707 1016 1767 eodem
1031 1708 1083 1767 sed

80 1812 118 1854 ex
133 1793 250 1853 diverso
268 1793 393 1852 vicinum
408 1793 563 1871 accipitur,
585 1811 649 1852 cum
668 1793 818 1872 supplicio
840 1791 1022 1852 alliciendum
1043 1790 1083 1849 di·

81 1894 147 1953 cas,
171 1894 258 1955 quem
278 1878 500 1956 supplicatione
520 1877 635 1953 dignum
658 1877 802 1935 iudicaris.
853 1874 947 1935 Aliter
968 1883 1127 1952 quoqucos

80 1977 170 2020 voces
187 1971 235 2020 aut
252 1960 372 2021 eaedem
390 1960 505 2020 diuersa
523 1961 551 2019 iu
569 1961 777 2037 significatione
794 1967 938 2037 ponuntur
953 1967 1001 2017 aut
1015 1975 1083 2037 pro·

80 2045 216 2105 ductione
230 2054 337 2105 tuntum
351 2043 399 2103 vel
418 2046 604 2122 correptione
620 2053 757 2112 mutatae3
774 2044 852 2121 quod
868 2043 952 2101 etiam
963 2044 992 2102 in
1009 2043 1083 2101 iocis

80 2129 214 2207 frigidum
243 2128 376 2206 equidem
404 2127 477 2188 tradi
506 2129 580 2188 inter
609 2137 766 2208 praecepta
794 2128 897 2203 miror,
925 2143 1083 2205 eorumque

82 2213 217 2290 exempla
237 2213 343 2272 vitandi
366 2215 461 2292 potius
486 2231 570 2292 quam
593 2212 718 2272 imitandi
739 2213 832 2290 gratia
853 2228 947 2291 pono:
976 2208 1127 2272 Amoriio

79 2298 249 2359 iucundum
263 2304 318 2372 est,
333 2299 362 2358 si
379 2305 514 2375 curetur,
530 2318 569 2361 nc
579 2299 738 2377 quidrinrit
752 2297 861 2358 nemci.
890 2292 1001 2381 Acium
1016 2296 1084 2358 del-

83 2383 160 2444 cedo
175 2382 220 2441 ad
233 2383 335 2442 dolum
350 2383 452 2451 ducit,·
468 2392 498 2442 et
512 2382 587 2460 apud
603 2380 732 2442 Ovidium
748 2381 893 2442 ludentem
908 2402 914 2439 :

225 2522 228 2531 .
255 2462 319 2526 Cur
333 2485 388 2545 eqo
402 2485 462 2528 non
478 2468 591 2542 dicam,
607 2464 715 2542 Furia,
728 2472 758 2526 te
772 2465 910 2544 furiem?

83 2546 256 2608 Gornilicius
282 2548 356 2609 hauc
377 2550 650 2611 traductionem
674 2558 775 2622 vocat,
803 2547 1122 2609 videlicetalterlusil

83 2632 249 2692 intellectus
265 2632 300 2692 ud
318 2633 450 2692 alterum.
483 2633 541 2693 Sed
556 2633 734 2709 elegantius,
756 2629 834 2708 quod
856 2638 902 2690 est
918 2631 1043 2709 positum
1058 2630 1086 2688 in

83 2716 285 2793 distinguenda
296 2718 339 2776 rei
351 2718 546 2795 proprietate:
561 2715 651 2778 llaec
665 2715 864 2794 reipublicae
875 2721 991 2791 pectem
1006 2730 1086 2790 puu-

82 2802 180 2877 lisper
194 2801 332 2879 reprimi,
346 2819 406 2861 corr
421 2803 453 2861 in
465 2808 647 2878 perpetuum
657 2799 815 2875 comprimi
827 2815 929 2875 pocae.
962 2795 1000 2856 Et
1013 2813 1088 2876 quae

83 2884 349 2963 praepositionibus
370 2885 398 2942 in
421 2884 595 2944 contrarium
616 2891 776 2944 mutantur:
810 2880 878 2944 Non
898 2882 1027 2943 emissus
1047 2899 1088 2944 eor

85 2968 162 3029 orde
178 2969 235 3028 red
248 2970 400 3029 immissus
420 2969 453 3028 in
478 2969 584 3030 urbem
600 2987 667 3030 esce
680 2967 832 3028 videatur.
872 2964 976 3026 llelius
998 2973 1085 3045 atque

85 3052 190 3127 acrius,
208 3052 285 3130 qnod
301 3071 365 3112 cum
381 3053 472 3129 ligura
488 3051 641 3113 iucundum
655 3061 700 3111 est
716 3059 774 3110 tum
791 3052 876 3111 etiam
889 3069 976 3110 sensu
991 3050 1086 3110 valet:

88 3132 167 3196 Emit
180 3142 275 3196 morte
288 3137 550 3200 immortalitatem.
575 3133 630 3196 llla
646 3135 773 3195 leviora:
792 3133 857 3198 Non
875 3133 1018 3196 Pisonum
1033 3135 1145 3198 sedit·

83 3221 233 3298 pistorem
257 3229 286 3279 et
306 3217 356 3280 En
377 3229 501 3283 oratore
521 3227 636 3282 erutor.
676 3219 835 3280 Pessimum
854 3235 943 3278 vero:
966 3215 1012 3278 Ne
1026 3234 1085 3294 pu-

83 3311 148 3365 tres
165 3306 331 3382 cmmcripti
348 3306 513 3367 videantur
539 3306 768 3381 circumscripti
770 3327 785 3376 ,·
808 3303 894 3364 Raro
914 3303 1011 3363 evenit
1032 3301 1088 3362 sed

84 3387 277 3450 veliementer
290 3391 380 3450 venit.
408 3389 457 3449 Sic
474 3389 624 3467 contingit,
640 3396 671 3447 ut
686 3387 790 3466 aliquis
810 3404 914 3447 sensus
929 3385 1088 3445 vehemens

84 3480 115 3534 et
133 3489 203 3534 acer
216 3479 396 3534 venustatem
411 3473 552 3554 aliquam,
575 3489 634 3532 non
656 3471 760 3533 eodem
781 3489 819 3531 ex
831 3469 941 3546 verbo,
958 3486 1016 3530 nou
1031 3469 1087 3531 dis·
