2408 3854
147 186 208 247 230
401 172 403 176 ⁴
464 202 500 247 n.
517 201 830 261 ducominunam

147 354 261 414 tundam
277 372 344 414 esse
361 364 390 416 et
411 365 479 434 apte
496 373 611 415 caesam
626 354 728 429 velim,
751 355 836 415 aliter
852 356 926 415 enim
941 356 1037 415 multis
1055 360 1155 419 modis

146 438 195 497 liet
211 439 345 497 enormis.
380 439 529 500 Perseius
550 440 631 516 prior
651 438 752 497 mediis
776 439 907 498 cruribus
924 441 1032 516 optime
1051 444 1147 500 termi-

92 530 243 595 lionatur,
267 525 414 599 posterior
432 523 534 582 eadem
549 523 684 600 portione
707 521 791 581 altius
813 539 868 600 qua
891 523 1030 581 cinctura.
1063 525 1148 584 Sinus

147 605 385 681 decentissimus,
412 607 436 664 si
461 605 608 685 aliquanto
628 622 716 682 supra
736 605 819 664 imam
841 614 938 682 togam
954 605 1055 674 fuerit;
1078 627 1148 667 nun-

146 706 231 765 quam
247 697 327 747 certe
343 691 379 749 sit
393 690 522 749 inferior.
550 688 619 761 llle,
647 689 695 767 qui
712 687 765 747 sub
780 687 900 748 humero
922 689 1026 748 dextro
1048 691 1085 750 ad
1111 694 1149 751 si·¹

146 775 265 830 nistrum
287 771 406 851 oblique
432 773 544 832 ducitur
568 770 649 830 velut
666 770 796 844 balteus,
823 789 879 831 nec
906 772 1067 848 strangulet
1093 793 1150 834 nec

146 855 224 914 iluat.
263 855 334 914 Pars
349 864 453 932 togae,
477 873 551 934 quae
568 864 672 932 postea
686 856 855 932 imponitur,
872 856 908 914 sit
925 855 1060 924 inferior;
1084 876 1149 917 nam

146 941 186 997 ita
210 946 239 996 et
260 938 345 998 sedet
365 939 467 999 melius
491 948 520 998 et
543 940 713 999 continetur.
752 937 945 998 Subducenda
972 941 1057 998 etiam
1079 959 1149 1018 pars

146 1022 242 1100 aliqua
258 1024 388 1097 tunicae,
409 1041 446 1081 ne
462 1023 497 1083 ad
513 1023 652 1082 lacertum
667 1023 695 1080 in
711 1030 775 1081 actu
793 1022 910 1089 redeat;
933 1031 991 1081 tum
1012 1025 1090 1083 sinus
1106 1025 1147 1083 in·

146 1105 286 1165 iicicndus
304 1105 440 1182 humero,
458 1107 537 1166 cuius
555 1115 713 1166 extremam
728 1121 808 1165 oram
825 1107 969 1165 reiecisse
984 1122 1042 1165 non
1057 1107 1148 1167 dede-

88 1192 137 1249 141
148 1197 203 1248 cet.
244 1186 359 1268 Operiri
382 1200 476 1250 autem
498 1190 646 1250 humerum
668 1206 731 1248 oum
751 1197 813 1248 toto
829 1188 929 1265 iugulo
946 1205 1003 1248 non
1018 1200 1147 1269 oportet,

146 1273 255 1351 alioqui
271 1275 390 1339 amictus
406 1274 455 1334 liet
471 1282 619 1350 angustus,
636 1281 665 1331 et
680 1272 863 1349 dignitatem,
880 1290 956 1351 quae
978 1283 1023 1332 est
1040 1275 1069 1332 in
1084 1273 1148 1333 lati-

146 1357 244 1416 tudine
260 1358 408 1434 pcctoris,
432 1358 545 1435 perdet.
578 1357 727 1415 Sinistrum
748 1354 897 1415 brachium
913 1372 950 1415 eo
968 1375 1060 1434 usque
1076 1357 1148 1416 alle·

88 1447 139 1500 142
146 1440 269 1500 vandum
285 1448 340 1514 cst,
357 1449 388 1500 ut
404 1442 487 1518 quasi
501 1439 659 1500 normalem
675 1439 754 1500 illum
771 1440 905 1516 angulum
921 1439 1018 1500 faciat.
1052 1441 1156 1518 Supcr'

148 1524 225 1600 quod
241 1540 292 1583 ora
313 1541 350 1582 ex
372 1533 440 1600 toga
457 1523 567 1601 duplex
589 1523 752 1602 aequaliter
765 1525 878 1584 sedeat.
909 1521 1009 1582 Manus
1024 1540 1082 1582 non
1097 1525 1148 1582 im·

148 1606 262 1681 pleatur
277 1607 379 1680 anulis,
397 1608 556 1685 praecipue
571 1607 683 1667 modios
699 1607 836 1667 articulos
849 1624 905 1666 non
917 1606 1147 1674 transeuntibus;

149 1690 229 1748 cuins
253 1691 307 1750 erit
328 1690 443 1750 habitus
463 1693 588 1768 optimus
608 1690 734 1751 allevato
756 1690 866 1768 pollice
883 1699 912 1749 et
927 1690 1025 1767 digitis
1042 1690 1149 1751 leviter

147 1772 275 1848 inflexis,
300 1775 355 1833 nisi
373 1773 502 1836 libellum
516 1773 638 1834 tenebit.
672 1772 757 1847 Quod
775 1791 832 1832 non
854 1775 954 1851 utique
976 1774 1149 1851 captandum

149 1865 208 1923 est;
231 1857 345 1918 videtur
365 1859 439 1917 enim
460 1858 546 1917 lateri
566 1859 722 1917 memoriae
738 1856 925 1917 diffidentiam
946 1866 975 1915 et
991 1857 1026 1917 ad
1042 1858 1148 1917 multos

89 1951 249 2017 1433estus
272 1950 318 2001 est
337 1942 551 2019 impedimento.
589 1939 699 2017 l'ogam
721 1949 840 2000 veteres
861 1940 897 2000 ad
919 1941 1040 2000 calceos
1055 1958 1148 2018 usque

136 2024 335 2089 demittebant
358 2034 388 2085 ut
404 2023 507 2086 Graeci
530 2024 656 2102 pallium.
689 2025 779 2102 quue
796 2033 826 2083 ut
840 2023 904 2098 liat,
929 2026 977 2102 qni
1001 2024 1037 2084 de
1062 2033 1148 2102 gestu

132 2109 327 2186 scripserunt
349 2110 427 2170 circa
449 2119 580 2186 tempora
601 2107 666 2181 illa,
689 2108 799 2168 Plotius
820 2107 1011 2187 Nigidiusque
1034 2109 1149 2186 praeci·

42 2208 44 2212 ·
148 2193 237 2268 piunt.
271 2192 336 2265 Quo
357 2194 449 2269 magis
472 2193 560 2251 miror
583 2191 665 2251 Plinii
680 2192 807 2252 Secundi
832 2192 911 2252 docti
931 2192 1053 2252 hominis
1076 2193 1150 2268 etin

148 2274 205 2333 hoc
220 2276 318 2354 utique
341 2275 416 2335 libro
439 2293 533 2354 paene
558 2277 643 2335 etiam
659 2277 773 2336 nimium
791 2277 899 2337 curiosi
916 2277 1148 2354 persuasionem,

150 2359 198 2434 qui
214 2358 328 2418 solitum
344 2358 373 2418 id
388 2359 489 2419 facere
506 2357 680 2419 Ciceronem
700 2361 889 2421 velandorum
910 2361 1039 2420 varicum
1056 2361 1150 2436 gratia

149 2441 248 2508 tradit;
271 2461 334 2502 oum
350 2442 407 2503 hoc
423 2445 542 2504 amictus
556 2462 650 2520 genus
666 2445 694 2504 in
710 2446 810 2505 statuis
826 2460 1077 2522 eorumquoque,
1101 2444 1151 2522 qui

92 2534 215 2603 144post
232 2523 407 2588 ciceronem
428 2526 557 2604 luerunt,
580 2538 730 2606 appareat.
761 2528 911 2589 Palliolum
934 2529 1009 2587 sicut
1028 2526 1148 2599 fascias,

138 2608 252 2689 quibus
268 2629 351 2673 crura
364 2613 538 2685 vestiuntur,
563 2620 593 2672 et
614 2611 722 2673 localia
742 2621 772 2671 et
792 2612 900 2671 aurium
915 2611 1071 2716 ligamenta
1087 2609 1152 2670 sola

151 2713 293 2755 excusare
310 2704 409 2774 potest
423 2686 569 2757 valetudo.

234 2779 294 2839 Sed
316 2779 391 2840 haec
411 2780 530 2839 amictus
552 2778 738 2856 observatio,
766 2781 863 2841 dum
855 2781 1019 2858 incipimus;
1043 2796 1149 2856 proce·
1159 2773 1164 2782 '

150 2860 236 2920 dente
258 2879 331 2922 vero
354 2872 435 2938 actu,
457 2864 513 2923 iam
529 2881 623 2941 paene
645 2866 681 2926 ab
702 2867 781 2925 initio
807 2863 996 2938 narrationis,
1018 2864 1096 2921 sinus
1113 2861 1150 2921 ab

150 2943 268 3003 humero
286 2955 369 3006 recte
384 2946 464 3006 velut
481 2957 585 3025 sponte
602 2948 762 3022 delabitur,
786 2958 831 3023 et,
850 2966 913 3007 cum
929 2946 965 3008 ad
982 2953 1152 3022 argumenta

151 3045 185 3086 ac
212 3027 296 3088 locos
321 3037 437 3088 ventum
462 3040 521 3106 est,
551 3033 678 3093 reiicerc
700 3051 717 3092 a
739 3033 854 3092 sinistro
880 3040 993 3108 togam,
1020 3029 1151 3088 deiicere

96 3111 253 3185 145etiam,
277 3113 304 3171 si
327 3111 462 3190 haereat,
489 3116 580 3175 sinum
602 3116 764 3175 conveniet.
802 3113 899 3176 Laeua
921 3133 937 3175 a
960 3111 1093 3173 faucibus
1116 3129 1152 3171 ac

154 3213 263 3256 summo
280 3205 402 3274 pectore
418 3197 564 3259 abducere
580 3198 657 3258 licet.
688 3196 800 3258 Ardent
816 3200 891 3258 enirn
907 3199 963 3258 iam
980 3197 1084 3257 omnia.
1114 3193 1152 3253 llt

154 3287 183 3339 ut
198 3296 257 3339 vox
278 3279 480 3342 vehementior
500 3299 535 3342 ao
556 3281 647 3357 magis
660 3282 740 3342 uaria
755 3290 814 3342 est:
836 3283 880 3340 sic
897 3283 1017 3342 amiotus
1033 3295 1150 3359 quoque

86 3362 237 3422 ¹tidhalset
258 3373 351 3424 actum
374 3365 517 3444 quendam
536 3364 616 3424 velut
636 3364 836 3442 proeliantem.
868 3363 969 3445 ltaque
986 3373 1016 3424 ut
1037 3364 1151 3424 laevam

150 3447 299 3509 involvere
315 3457 384 3528 toga
400 3456 430 3507 et
450 3448 558 3526 incingi
577 3466 671 3528 paene
686 3447 825 3509 furiosum
843 3457 904 3522 est,
926 3449 1017 3507 sinum
1032 3461 1104 3505 vero
1121 3446 1150 3504 in
