2408 3854
113 181 172 246 182
360 230 364 236 .
427 195 790 256 u.rnn.qu1nr1n1nu1
887 174 890 180 '

109 349 282 414 stituendum
302 360 364 427 est,
384 360 415 410 ut
435 358 464 409 et
490 349 603 427 digredi
624 368 662 409 ex
683 368 719 410 eo
743 360 772 410 et
799 351 918 429 regredi
936 354 964 412 in
984 353 1012 413 id
1028 352 1116 414 lacile

80 438 262 516 oposstmus.
294 434 367 495 Nam
385 442 416 494 ut
432 435 552 513 primum
567 441 613 493 est
627 435 713 495 domo
734 434 840 495 all'erre
856 446 985 514 paratam
1000 437 1115 498 dicendi

110 523 223 600 copiam
244 528 273 579 et
297 528 420 579 certam:
442 519 481 577 ita
500 517 629 578 refutare
649 520 789 596 temporis
805 538 923 580 munera
938 521 1027 598 longa
1044 522 1115 582 stul·

109 607 246 665 tissimum
267 612 322 663 est.
368 601 465 677 Quare
487 603 626 679 cogitatio
653 603 681 661 in
704 603 761 663 hoc
781 614 988 683 praeparetur,
1010 615 1042 665 ut
1061 623 1115 665 nos

108 689 223 749 fortuna
237 688 377 766 decipere
394 703 452 746 non
468 687 579 764 possit,
600 685 736 746 adiurare
751 689 855 765 possit.
899 687 931 749 ld
951 698 1046 749 autem
1066 689 1116 749 liet

107 773 264 833 memoriae
279 770 399 847 viribus,
415 779 446 830 ut
460 770 527 845 illa,
544 786 619 848 quae
635 770 781 848 complexi
796 774 889 833 animo
904 791 1011 848 sumus,
1028 773 1116 833 lluant

107 874 228 924 secura:
245 871 302 914 non
318 854 462 915 sollicitos
485 863 515 914 et
534 854 728 932 respicientes
750 864 780 914 ct
799 874 855 917 una
881 874 935 935 spe
954 874 1114 935 suspensos

107 940 318 1000 recordationis
334 956 392 999 nnn
407 940 501 999 sinant
517 937 684 1016 providere.
718 939 837 1018 Alioqui
860 940 909 1001 rel
930 950 1114 1019 extempora-

107 1026 164 1085 lem
181 1026 373 1084 temeritatem
385 1024 462 1084 maln
480 1040 564 1103 quam
580 1022 656 1083 male
673 1024 879 1084 cohaerentem
897 1026 1113 1101 cogitationem.

79 1109 191 1169 ll’eius
208 1110 282 1168 enim
299 1109 446 1187 quaeritur
460 1116 626 1183 retrorsus,
648 1109 730 1187 quia,
752 1108 817 1169 dum
837 1108 887 1168 illa
904 1108 1114 1184 desideramus,

106 1193 142 1253 ab
160 1192 223 1253 aliis
239 1195 409 1267 avertimur,
433 1200 461 1251 et
483 1209 521 1251 ex
537 1193 675 1252 memoria
689 1193 786 1271 potius
801 1193 960 1271 repetimus
977 1210 1061 1271 quam
1078 1211 1115 1252 ex

105 1279 235 1338 materia.
262 1277 347 1337 Plura
363 1284 428 1335 sunt
438 1285 543 1352 autem,
562 1276 586 1334 si
598 1283 750 1354 utrumque
762 1276 957 1356 quaerendum
970 1285 1025 1354 est,
1040 1294 1115 1356 quae

105 1362 227 1420 inveniri
243 1368 367 1439 possunt
383 1377 468 1438 quam
484 1377 560 1438 quae
577 1361 693 1420 inventa
708 1370 784 1421 sunt.

141 1512 397 1574 QUEMADMODUM
413 1510 666 1564 uxrumronnuls
683 1511 853 1564 FACILITAS
868 1513 1022 1564 taburbo
1039 1514 1080 1563 ET

494 1593 734 1650 CONTINEATUR.

188 1687 253 1749 Vll.
285 1686 426 1748 Maximus
442 1706 515 1751 vero
528 1688 687 1749 studiorum
701 1689 813 1751 fructus
829 1699 874 1750 est
890 1700 919 1750 et
935 1690 1016 1751 velut
1031 1709 1116 1769 prae·

104 1774 190 1833 mium
206 1773 350 1852 quoddam
366 1773 570 1852 amplissimum
588 1772 668 1850 longi
684 1771 793 1833 laboris
812 1792 855 1835 ex
872 1783 1041 1854 tempore
1064 1775 1115 1835 di·

107 1857 216 1918 ccndi
232 1856 412 1934 facultas,
431 1875 515 1936 quam
528 1858 644 1936 quinon
658 1859 713 1917 erit
724 1868 911 1934 consecutus,
924 1876 988 1919 mea
1001 1858 1116 1937 quidem

106 1942 250 2002 sententia
272 1940 406 2002 civilibus
426 1941 532 2002 officiis
552 1940 728 2001 renuntiabit
751 1950 781 2001 at
800 1940 892 2001 solam
906 1941 1056 2002 scribendi
1072 1940 1115 2000 la·

106 2026 245 2086 cultatem
267 2026 365 2106 potius
387 2025 423 2086 ad
445 2025 501 2086 alia
521 2043 614 2105 opera
640 2033 801 2086 convertet.
840 2023 899 2085 Vix
924 2027 998 2086 enim
1020 2024 1116 2085 bonae

105 2109 173 2170 lidei
189 2111 251 2169 uiro
267 2110 404 2169 convenit
421 2109 557 2170 auxilium
572 2110 600 2168 in
615 2108 762 2188 publicum
775 2107 923 2188 polliceri,
940 2109 1016 2189 quod
1031 2127 1116 2188 prae·

106 2194 279 2252 sentissimis
295 2191 458 2272 quibusque
473 2193 612 2272 periculis
629 2192 717 2262 desit:
733 2202 764 2253 ut
779 2195 886 2255 intrare
901 2202 1016 2272 portum
1033 2194 1115 2252 naris

78 2278 160 2343 anisi
177 2275 290 2335 lenibus
306 2277 400 2336 uentis
417 2285 503 2337 vecta
518 2293 576 2336 non
590 2278 694 2356 possit.
728 2278 875 2357 Siquidem
891 2276 1116 2338 innumerabiles

106 2358 239 2420 accidunt
247 2358 360 2420 subitae
372 2361 565 2421 necessitates
580 2360 630 2421 rel
647 2361 723 2439 apud
735 2363 918 2440 magistratus
932 2361 981 2422 val
996 2378 1115 2440 reprae-

105 2445 227 2504 sentatis
247 2442 360 2504 iudiciis
377 2445 513 2504 continuo
529 2445 644 2522 agendi.
684 2444 810 2519 Quarum
827 2445 944 2524 siqua,
967 2463 1026 2505 non
1047 2445 1114 2505 dico

106 2529 268 2606 cuicunque
280 2530 474 2589 innocentium
487 2529 590 2589 civium
608 2527 661 2589 sed
673 2531 829 2590 amicorum
838 2547 873 2589 ac
885 2531 1114 2609 propinquorum

104 2612 191 2672 alicui
204 2615 353 2674 evenerit:
370 2612 495 2674 stabitne
507 2622 601 2673 mutus
616 2621 646 2672 et
660 2613 816 2673 salutarem
828 2613 994 2692 petentibus
1010 2629 1116 2673 rocem

106 2697 271 2775 statimque,
288 2698 385 2757 sinon
400 2706 597 2772 succurratur,
613 2698 749 2776 perituris
763 2713 860 2759 moras
877 2706 906 2758 et
918 2714 1070 2759 secessum
1087 2704 1117 2755 at

98 2779 250 2839 silentium
274 2790 412 2859 quaeret,
435 2781 500 2842 dum
523 2780 574 2842 illa
594 2779 685 2841 verba
707 2779 886 2842 fabricentur
907 2789 937 2842 et
956 2781 1115 2841 memoriae

75 2863 227 2926 3insidant
242 2873 271 2923 et
288 2881 347 2924 uox
364 2883 399 2924 ac
415 2864 490 2925 latus
511 2860 725 2944 praeparetur?
751 2863 834 2939 Quae
849 2882 921 2926 vcro
937 2866 1044 2944 patitur
1058 2863 1114 2923 boc

106 2948 211 3022 oratio,
227 2956 257 3007 ut
274 2949 425 3027 qnisquam
439 2950 533 3027 possit
544 2957 644 3009 orator
661 2950 794 3009 omittere
811 2947 917 3010 casus?
948 2948 1034 3024 Quid,
1053 2965 1116 3008 curn

105 3030 280 3090 adversario
300 3033 534 3110 respondendum
558 3033 627 3109 crit,
654 3029 723 3093 det?
758 3031 831 3094 Nam
852 3051 944 3112 saape
965 3049 1017 3109 ea,
1041 3049 1117 3110 quae

107 3116 215 3193 opinati
237 3132 335 3175 sumus
365 3125 394 3177 et
418 3125 518 3176 contra
540 3133 614 3195 quae
637 3117 825 3196 scripsimus,
853 3117 975 3194 fallunt,
998 3135 1034 3178 ac
1055 3123 1115 3175 tota

107 3197 203 3258 subito
225 3215 312 3260 causa
333 3207 471 3271 mutatum
489 3208 575 3278 atque
592 3209 624 3260 ut
640 3200 829 3277 gubernatori
845 3202 881 3263 ad
896 3202 1030 3262 incursus
1044 3208 1115 3260 tem·

106 3291 251 3361 pestatum
272 3283 315 3343 sic
339 3285 436 3362 agenti
458 3284 494 3344 ad
510 3285 681 3345 varietatem
705 3302 855 3345 causarum
884 3286 959 3346 ratio
983 3281 1117 3344 mutanda

79 3374 165 3427 dost.
195 3365 270 3441 Quid
288 3382 377 3446 porro
394 3367 497 3429 multus
516 3367 599 3428 stilus
614 3377 643 3428 et
661 3367 777 3429 assidua
793 3368 884 3429 lectio
902 3377 932 3429 ct
952 3367 1041 3445 longa
1057 3375 1116 3427 stu·

105 3450 218 3510 diorum
240 3459 321 3514 aetas
344 3451 429 3528 lacit,
454 3454 478 3512 si
502 3461 597 3513 manet
620 3451 723 3512 eadem
743 3469 819 3533 quae
840 3452 894 3513 fuit
911 3449 1118 3531 incipientibus
1147 3516 1156 3530 Ι

139 3610 219 3623 Α
