2408 3854
335 170 424 218 uuor.
443 171 592 219 onauon.
611 171 679 219 nus.
695 171 750 236 ru,
766 166 792 220 t.
1007 160 1066 221 135

55 325 188 398 eidcltur
200 344 217 385 e
228 324 368 405 pedihus,
387 325 537 386 conclusio
554 342 658 385 nomen
673 325 791 403 aliquod
806 323 963 385 desiderat.
991 326 1067 399 Quid

56 413 94 471 sit
109 411 196 488 igitur
216 410 415 489 potiusquam
435 428 624 486 numerus,
651 418 680 469 et
703 409 847 470 oratorius
867 427 1018 488 numerus,
1037 421 1067 470 ut

57 494 240 571 euthymema
259 494 424 554 rhetoricus
446 489 655 572 syllogismus?
700 491 766 570 ligo
791 501 888 569 certe,
911 511 948 553 ne
969 496 997 554 in
1020 513 1066 554 ca-

57 579 191 641 lumniam
205 578 321 654 cadam,
339 596 396 656 qua
410 596 447 637 ne
462 577 500 637 ot.
518 578 633 656 quidem
648 576 760 638 Tullius
777 578 885 653 caruit,
902 594 994 656 posco
1010 578 1067 638 lroc

55 663 140 738 milui,
161 671 206 739 ut,
232 678 365 740 cumpro
389 664 552 740 composito
575 662 676 721 dixero
693 679 841 723 numerum
858 670 887 722 et
903 662 1068 741 ubicunque

56 749 113 807 iam
128 745 203 821 dixi,
228 746 433 806 oratorium
454 746 554 807 dicere
569 745 726 823 intelligar.

143 828 309 890 Goliocatio
330 839 426 890 autem
448 829 539 890 verba
558 830 615 891 iam
631 829 755 908 probata
774 839 803 890 et
825 829 921 890 electa
939 839 967 890 et
988 829 1109 894 veluso

55 916 203 993 assignata
219 914 274 974 sibi
290 913 379 975 debet
395 924 590 982 connectere:
614 931 679 974 uam
693 914 742 974 vel
758 912 830 975 dure
849 915 924 974 inter
940 932 972 973 se
990 931 1067 974 com·

54 1001 143 1059 missu
165 1000 280 1077 potiore
302 1008 368 1059 suut
390 998 547 1060 inutilibus.
593 997 702 1058 lamen
726 1007 755 1058 et
777 998 890 1077 eligere
914 998 1067 1076 quaedam,

55 1082 122 1141 dum
144 1101 181 1142 ex
201 1084 252 1158 iis,
276 1101 352 1162 quae
370 1083 445 1144 idem
465 1082 630 1161 significent
649 1093 737 1161 atque
760 1083 836 1143 idem
850 1081 982 1159 ualeant,
1001 1101 1067 1161 per-

54 1167 200 1242 miserim,
224 1175 253 1226 et
275 1165 403 1227 adiicere
419 1167 484 1228 dum
499 1185 556 1227 non
572 1167 685 1244 otiosa,
708 1176 737 1227 et
753 1166 908 1227 detrahere
924 1167 990 1226 dum
1010 1184 1068 1226 non

55 1253 234 1311 necessaria.
277 1251 337 1311 Sed
353 1252 453 1329 liguris
473 1260 585 1312 mutare
603 1270 688 1313 casus
711 1261 799 1330 atque
820 1267 975 1326 numeros,
995 1268 1067 1328 quo·

56 1352 119 1395 rum
136 1336 262 1395 varietas
286 1336 457 1414 frequenter
478 1337 572 1415 gratia
595 1337 817 1415 conpositionis
841 1336 949 1410 ascita,
981 1337 1067 1394 etiam

56 1436 111 1478 suo
124 1420 244 1479 nomine
260 1420 337 1479 solet
353 1438 421 1480 esse
436 1421 599 1481 iucundum.
637 1419 731 1481 Etiam
746 1419 795 1480 ubi
811 1419 888 1481 aliud
902 1421 976 1479 ratio
992 1418 1110 1481 aliudotl

57 1503 239 1564 consuetudo
261 1513 381 1582 poscet:
410 1513 503 1564 utrum
523 1505 621 1581 volet,
650 1513 743 1566 sumat
764 1505 958 1584 compositio,
984 1501 1068 1565 Vito-

54 1590 137 1648 oe'sse
152 1587 201 1648 vel
221 1590 353 1665 oltorse,
379 1587 584 1666 Deprendere
602 1589 652 1650 vel
677 1590 919 1668 deprehendere.
966 1585 1067 1649 Coitus

56 1673 143 1731 etiam
160 1670 339 1748 syllabarum
354 1689 412 1733 non
426 1672 559 1750 negabo,
576 1682 606 1733 et
621 1674 759 1753 quidquid
774 1675 925 1734 sententiis
941 1681 989 1733 aut
1005 1672 1066 1732 elo·

56 1756 164 1816 cutioni
186 1773 243 1815 non
270 1755 399 1817 nocebit.
443 1756 632 1835 Praecipuum
655 1767 752 1817 tamen
777 1759 806 1816 in
832 1757 890 1818 lroc
915 1773 989 1835 opus
1011 1765 1110 1832 est,60
1188 1762 1194 1769 '

55 1841 134 1899 scire
157 1841 234 1918 quod
252 1857 370 1920 quoque
391 1840 459 1901 loco
475 1839 631 1901 verborum
646 1844 770 1901 maxime
793 1841 924 1918 quadret.
970 1840 1067 1918 Atque

54 1926 81 1982 is
98 1925 205 2003 optime
226 1934 399 2003 componet,
423 1926 472 2002 qui
496 1924 554 1985 luoc
574 1942 632 1985 non
650 1925 744 1985 solum
762 1925 956 2003 componendi
974 1925 1068 2001 gratia

55 2007 143 2067 lacit.-

141 2092 226 2153 Ratio
251 2111 323 2153 vero
344 2093 451 2172 pedum
465 2094 495 2153 in
511 2095 642 2154 oratione
658 2103 705 2153 est
718 2092 809 2153 multo
829 2111 914 2171 quam
935 2092 964 2151 iu
980 2109 1068 2153 versu

55 2175 220 2238 difficilior:
239 2179 361 2258 primum
376 2178 454 2257 quod
466 2195 570 2238 versus
584 2179 685 2257 paucis
702 2178 881 2253 continetur,
895 2177 989 2237 oratio
1005 2175 1067 2237 lon·

55 2261 157 2338 giores
171 2261 260 2322 hahet
274 2279 366 2342 saepe
382 2263 534 2332 circuitus;
557 2262 662 2322 deiude
681 2261 759 2342 quod
775 2280 879 2322 versus
894 2278 1014 2340 semper
1029 2262 1067 2319 si·

55 2343 131 2404 milis
151 2346 206 2406 sibi
228 2355 273 2407 est
298 2355 327 2406 et
348 2364 404 2406 una
424 2348 536 2407 ratione
554 2346 697 2423 decurrit,
725 2347 864 2406 orationis
881 2346 1066 2425 compositio,

55 2429 110 2488 nisi
128 2433 209 2490 varia
233 2440 295 2507 est,
320 2441 349 2492 et
369 2430 489 2491 offendit
506 2430 690 2492 similitudine
714 2440 743 2492 et
764 2433 793 2490 iu
810 2430 996 2491 affectatione
1019 2429 1068 2489 de·
1193 2492 1196 2496 Α

56 2511 255 2591 prehenditur.
305 2513 344 2574 Et
366 2516 492 2575 inomni
519 2514 635 2593 quidem
656 2532 784 2593 corpore
812 2522 935 2593 totoque
962 2514 1008 2592 (ut
1029 2513 1112 2577 itafil
1174 2568 1177 2572 ,

55 2597 195 2674 dixerim)
213 2605 306 2657 tractu
321 2615 455 2658 uumerus
470 2601 596 2659 insertus
613 2608 668 2658 est.
695 2596 799 2677 Neque
812 2597 888 2656 enlm
903 2596 985 2674 loqui
1000 2611 1068 2673 pos·

56 2698 155 2739 sumus
174 2681 228 2738 nisi
244 2679 366 2754 syllabis
381 2681 520 2742 brevibus
536 2700 571 2755 ac
585 2681 700 2759 longis,
718 2700 755 2741 ex
767 2680 872 2759 quibus
882 2680 975 2758 pedes
988 2678 1067 2739 liunt.

56 2762 150 2842 Magis
167 2773 263 2824 tamen
284 2772 314 2824 et
331 2764 513 2826 desideratur
529 2767 558 2824 in
575 2765 715 2826 clausulis
740 2774 769 2824 et
790 2772 929 2844 apparet:
949 2766 1071 2843 primum
1092 2781 1095 2785 “

57 2850 124 2927 quia
140 2867 244 2909 sensus
261 2849 353 2908 omnis
365 2846 453 2909 habet
468 2866 549 2909 suum
564 2848 650 2909 linem
665 2851 820 2929 poscitque
834 2847 966 2910 naturale
981 2849 1069 2908 iuter·

56 2932 181 3010 uallum,
198 2950 256 3012 quo
282 2952 298 2993 a
315 2934 465 3012 sequentis
483 2933 563 2993 initio
580 2931 737 3001 dividatur;
762 2932 867 2994 deiude
884 2932 963 3013 quod
983 2949 1068 2993 aures

58 3019 221 3078 continuam
240 3034 345 3080 vocem
366 3027 487 3078 secutae
510 3016 675 3096 ductaeque
694 3017 777 3080 velut
796 3034 891 3098 prono
913 3017 1069 3078 decurren-

58 3100 96 3159 tis
118 3103 256 3162 orationis
283 3102 398 3163 flumine
420 3111 478 3162 tum
499 3103 592 3180 magis
613 3100 756 3179 iudicant,
785 3120 849 3164 cum
870 3102 922 3164 illc
944 3104 1068 3181 impetus

59 3185 140 3242 stetit
162 3194 192 3245 et
212 3186 340 3247 intuendi
357 3196 471 3265 tempus
489 3185 579 3247 dedit.
623 3185 689 3247 Non
704 3188 793 3266 igitur
808 3187 909 3248 durum
923 3188 961 3246 sit
976 3189 1112 3262 nequedt

59 3267 228 3346 abruptum,
257 3287 315 3347 quo
336 3271 420 3330 animi
440 3269 522 3330 velut
541 3272 686 3349 respirant
708 3289 743 3332 ac
766 3271 944 3332 reficiuntur.
988 3267 1069 3328 llaec

59 3361 106 3412 est
129 3351 216 3412 sedes
240 3354 395 3430 orationis,
422 3352 481 3415 hcc
503 3355 616 3416 auditor
643 3364 796 3435 expectat,
825 3354 872 3415 lric
896 3354 958 3414 laus
977 3353 1069 3412 omnis

58 3436 213 3498 declamat.
259 3435 579 3517 Proximamclausulis
601 3437 780 3518 diligentiam
805 3437 954 3518 postulant
978 3437 1078 3509 initia,
