2376 3840
355 173 775 242 maerensmaerens.
1000 164 1057 229 153

138 329 307 390 Historia
329 347 445 409 qnoque
467 329 547 389 alere
566 338 713 390 oratorem
727 331 851 410 quodam
866 330 948 391 uberi
961 333 1098 401 iacun-31
1126 299 1128 311 Ι

55 415 153 494 doque
165 431 236 473 suco
248 422 360 493 potest;
376 430 477 472 verum
493 415 597 492 etipsa
608 415 651 474 sie
666 423 711 475 est
723 414 859 492 legenda,
875 425 906 475 ut
921 417 1057 494 sciamus,

55 499 212 576 plerasque
228 500 290 557 eins
307 499 428 556 rirtmes
444 499 554 557 oratori
575 514 643 557 esse
658 499 798 559 vitandas.
833 499 886 559 llst
901 499 976 558 enirn
991 517 1058 578 pro·

54 584 130 640 xima
148 583 244 659 poetis
261 590 290 641 et
306 581 516 660 quodammodo
535 598 651 641 carmen
666 582 805 659 solutum,
825 592 855 643 et
872 583 1007 642 scribitur
1023 584 1059 644 ad

55 665 226 725 narrandum
241 683 298 724 non
316 665 353 725 ad
367 665 559 742 probandum
582 674 731 744 totumque
752 683 826 744 opus
839 682 897 726 non
912 667 948 727 ad
965 676 1060 727 actum

54 751 97 808 rei
112 765 295 828 pugnamque
312 757 496 828 praesentem
519 749 571 809 seul
596 748 632 809 ad
656 751 822 810 memoriam
838 751 1016 830 posteritatis
1032 760 1061 811 et

54 834 162 910 ingenii
184 832 288 893 lamam
309 834 506 910 componitur:
533 831 661 911 ideoque
685 843 714 893 et
734 832 832 894 verbis
855 833 1059 894 remotioribus

56 926 86 976 et
99 915 284 976 liberioribus
297 916 396 994 liguris
407 915 541 975 narrandi
553 915 677 975 taedium
693 918 790 976 evitat.
820 916 933 996 ltaque,
948 926 979 976 ut
991 917 1103 994 nixum

55 1000 215 1078 nequeilla
231 1000 405 1060 Sallustiana
420 997 566 1074 brevitas,
590 1017 647 1078 qua
669 998 739 1058 nibil
760 1001 836 1079 apud
853 1018 938 1061 aures
953 1018 1060 1061 vacuas

56 1093 143 1162 atque
159 1084 285 1144 eruditas
303 1091 403 1162 potest
420 1101 488 1142 esse
505 1083 675 1160 perfectius,
694 1082 770 1161 apud
786 1093 958 1163 occupatum
973 1086 1060 1145 variis

57 1166 281 1244 cogitationibus
299 1167 423 1227 iudicem
440 1176 470 1227 et
485 1169 601 1244 saepius
622 1166 794 1227 ineruditum
816 1168 956 1247 captanda
976 1166 1060 1230 nobis

56 1260 116 1320 ast;
138 1269 233 1329 neque
258 1251 308 1311 illa
328 1250 399 1311 bivii
420 1250 515 1310 lactea
538 1249 657 1310 ubertas
672 1251 744 1311 satis
767 1250 885 1312 docebit
906 1269 987 1326 eum,
1012 1251 1061 1330 qui

56 1352 113 1396 non
129 1338 259 1413 speciem
275 1335 467 1412 expositionis
488 1333 541 1394 sed
558 1334 644 1395 fldem
660 1337 781 1412 quaerit.
818 1335 902 1394 Adde
924 1334 1002 1413 quod
1021 1333 1104 1399 blaa

56 1418 168 1479 'l'nllius
184 1437 221 1478 ne
237 1417 434 1494 Thucydidem
455 1418 570 1496 quidem
592 1427 640 1477 aut
657 1417 880 1497 Xenophontem
894 1418 981 1477 utiles
996 1434 1060 1479 oru-

55 1504 113 1563 tori
134 1512 224 1580 putat,
241 1516 403 1580 quanquam
417 1501 497 1561 illum
512 1503 653 1564 bellicam
675 1519 805 1578 sonmo,
821 1502 905 1563 buius
921 1501 1061 1564 orello·

56 1605 110 1648 sos
121 1604 188 1647 csse
203 1587 322 1648 locatos
337 1585 491 1644 existimet.
529 1583 611 1645 licet
624 1593 719 1645 tamen
735 1585 818 1646 nobis
834 1586 861 1645 in
873 1585 1061 1662 digressioni-

56 1670 109 1729 bus
133 1671 173 1729 uti
197 1669 246 1729 uel
268 1668 411 1729 historico
433 1684 635 1748 nonnunquam
654 1670 764 1745 nitore,
796 1669 861 1729 dum
884 1668 994 1744 iubis,
1025 1670 1061 1730 de

57 1753 159 1831 quibus
180 1755 235 1813 erit
255 1753 399 1832 quaestio,
416 1754 637 1828 meminerimus,
655 1769 713 1812 non
728 1752 899 1813 athletarum
909 1761 991 1812 toros
1008 1752 1061 1812 sed

55 1837 174 1896 militnm
190 1837 318 1897 lacertos
332 1852 414 1905 esse;
432 1854 488 1896 nec
499 1835 710 1896 versicolorem
724 1836 814 1912 illam,
831 1834 1061 1914 quaDemetrius

55 1919 214 1980 Phalereus
232 1918 383 1980 dicebatur
395 1921 452 1996 oti,
475 1929 587 1980 vestem
602 1919 677 1980 bene
693 1919 729 1980 ad
746 1921 892 1980 forensem
911 1919 1062 1996 pulverem

55 2005 166 2064 lacere.
201 2003 255 2063 Est
267 2012 298 2063 et
312 2004 386 2065 alius
402 2021 440 2063 ex
452 2003 581 2064 historiis
602 2005 671 2063 usus
693 2013 723 2063 et
743 2005 768 2063 is
791 2003 907 2082 quidem
923 2004 1104 2068 maximussa

57 2089 110 2148 sed
125 2104 183 2147 non
199 2088 234 2147 ad
250 2097 436 2166 praesentem
447 2089 596 2167 pertinens
614 2087 720 2164 locum,
735 2106 773 2148 ex
784 2088 951 2165 cognitione
966 2103 1062 2146 rerum

57 2171 326 2250 exemplorumque,
343 2171 447 2250 quibus
459 2173 588 2251 inprimis
599 2173 754 2231 instructos
767 2190 836 2232 esse
848 2169 936 2232 debet
951 2177 1061 2244 orator,

57 2273 93 2314 ne
110 2256 205 2315 omnia
220 2257 385 2315 testimonia
406 2264 547 2334 expectet
563 2273 580 2316 a
596 2255 759 2334 litigatore;
782 2255 835 2316 sed
860 2254 1001 2334 pleraque
1024 2271 1062 2313 ex

55 2346 201 2399 vetustate
220 2338 376 2416 diligenter
390 2338 446 2399 sibi
461 2341 577 2418 cognita
593 2348 696 2414 sumat,
715 2339 773 2400 boc
789 2340 965 2418 potentiora,
983 2335 1060 2415 qood

57 2442 92 2482 ea
108 2423 172 2483 sola
189 2423 353 2483 criminibus
368 2422 427 2482 odii
444 2431 473 2483 et
487 2425 599 2501 gratiae
617 2432 729 2484 vacant.

142 2504 502 2586 Apbilosopborum
530 2524 602 2567 vero
630 2507 758 2567 lectione
783 2514 815 2565 ut
846 2513 945 2565 essent
974 2502 1105 2572 multaas

56 2588 143 2648 nobis
165 2591 307 2668 petenda,
329 2592 400 2651 vitio
421 2591 528 2651 lactum
551 2600 597 2650 est
619 2599 782 2665 oratorum,
806 2590 854 2667 qui
875 2585 1061 2668 quidemillis

58 2673 167 2752 optima
182 2674 227 2733 sui
243 2676 341 2753 operis
357 2684 440 2753 parte
456 2682 617 2734 cesserunt.
656 2671 728 2734 Nam
750 2672 831 2732 etde
849 2673 947 2746 iustis,
972 2670 1061 2731 bone·

57 2758 121 2832 stis,
134 2756 262 2834 utilibus,
278 2759 373 2837 iisque
388 2775 463 2837 quae
478 2759 535 2817 sint
551 2758 614 2818 istis
630 2756 789 2832 contraria,
813 2764 842 2815 et
863 2755 898 2815 de
917 2753 1006 2815 rubus
1022 2753 1062 2814 di·

56 2842 130 2899 vinis
147 2841 270 2902 maxime
283 2841 382 2903 dieunt
393 2850 424 2901 et
438 2850 672 2920 argumentantur
684 2841 805 2907 acriter;
823 2848 853 2899 et
868 2838 1062 2899 altercationi·

56 2924 111 2984 bus
130 2932 217 3002 atque
234 2925 511 3004 interrogationibus
531 2931 678 2986 oratorem
691 2925 816 2985 futurum
833 2925 941 3002 optime
956 2921 1062 2983 Socra·

57 3009 107 3068 tici
122 3018 307 3088 praeparant.
344 3009 403 3071 Sed
424 3009 470 3070 bis
487 3027 606 3090 quoque
626 3008 816 3071 adhibendum
841 3016 887 3068 est
905 3006 999 3067 simile
1021 3006 1107 3076 ιιι-36

57 3091 179 3168 dicium,
201 3101 233 3152 ut
253 3095 339 3153 etiam
362 3112 426 3154 cnm
440 3095 469 3154 in
487 3093 574 3154 rebus
589 3111 740 3154 versemur
757 3092 875 3167 iisdem,
893 3098 1064 3151 nontamen

57 3177 179 3236 eandem
200 3195 268 3236 esse
290 3178 490 3239 condicionem
516 3179 640 3239 sciamus
661 3177 751 3238 litium
771 3194 805 3237 ac
828 3175 1063 3255 disputationum,

56 3258 113 3318 iori
129 3269 159 3319 et
174 3259 318 3337 anditorii,
334 3270 559 3340 praeceptorum
575 3270 605 3321 et
619 3260 824 3340 periculorum.

142 3342 239 3405 Credo
256 3353 413 3405 exacturos
430 3345 607 3424 plerosque,
631 3361 695 3405 curu
718 3351 825 3403 tanturn
846 3358 914 3401 esse
933 3339 1105 3408 utilitatisau

57 3426 86 3486 in
103 3427 232 3506 legendo
248 3427 424 3505 iudicemus,
446 3436 477 3489 ut
497 3428 525 3488 id
548 3443 664 3510 quoque
685 3427 880 3504 adiungamus
900 3422 1016 3499 operi,
1029 3419 1088 3488 aab
