2408 3854
109 187 130 248 2
426 197 790 258 ra.ann.on1na1n1nu1

108 353 212 434 Neque
228 355 332 415 infitias
349 370 403 428 eo,
427 353 567 431 quaedam
586 371 669 427 esse,
692 369 767 430 qnae
784 351 974 413 demonstrari
992 347 1120 432 possint,

110 457 202 517 eaque
218 455 275 498 non
291 439 426 497 omittam.

192 521 214 581 l.
252 523 294 581 Sit
315 522 420 599 igitur,
440 531 471 581 ut
487 539 575 599 supra
590 521 761 598 significavi,
784 521 924 581 divisio
939 539 1037 580 rerum
1055 522 1119 600 plu-

108 610 181 668 rium
196 607 224 665 in
247 606 392 683 singulas,
416 605 574 683 partitio
598 606 774 681 singularum
795 607 823 664 in
843 613 943 682 portes
965 604 1116 684 discretio,

109 690 201 750 ordo
229 699 310 750 recta
334 688 475 767 quaedam
503 688 660 748 collocatio
683 688 828 768 prioribus
856 690 1009 766 sequentia
1031 707 1117 751 anne·

110 784 208 850 ciens,
233 774 440 852 dispositio
462 772 540 832 utilis
562 790 658 832 rerum
680 791 714 833 ac
735 774 858 852 partium
873 773 902 831 in
918 771 1003 832 locos
1022 773 1117 835 distri·

78 859 197 921 abutio.
238 858 546 932 Sedmeminerimus,
578 857 671 935 ipsam
697 857 918 936 dispositionem
943 856 1118 938 plerumque

109 942 232 1002 utilitate
248 943 366 1018 mutari,
386 959 441 1000 nec
458 940 578 1001 eandem
594 958 711 1019 semper
725 941 846 1023 primam
861 941 1065 1019 quaestionem
1082 961 1117 1003 ex

12 1029 15 1035 '
109 1035 232 1119 utraque
252 1035 336 1105 parte
356 1025 542 1087 tractandam.
591 1023 679 1085 Cuius
704 1027 764 1101 rei,
794 1033 825 1096 ut
857 1034 957 1085 cetera
981 1026 1118 1106 exempla

108 1112 306 1190 praeteream,
329 1110 542 1170 Demosthenes
567 1126 683 1190 quoque
706 1119 792 1188 atque
814 1108 977 1169 Aeschines
994 1117 1118 1188 possunt

109 1213 176 1255 esse
198 1195 421 1270 documento,'
413 1212 441 1252 rn
457 1192 563 1253 iudicio
584 1189 783 1272 Ctesiphontis
799 1193 945 1254 diversum
960 1196 1056 1254 secuti
1073 1212 1117 1255 or·

109 1279 215 1355 dinem,
232 1297 296 1338 cnm
312 1286 467 1338 accusator
483 1295 499 1337 a
514 1278 592 1353 iure,
610 1295 668 1357 quo
686 1277 839 1338 videbatur
858 1279 1023 1356 potentior,
1048 1296 1116 1340 coe·

108 1364 200 1442 perit,
220 1371 359 1442 patronus
383 1362 476 1422 omnia
496 1379 591 1439 paene
606 1363 696 1422 ante'
688 1381 732 1422 rus
747 1363 896 1441 posuerit,
920 1361 1024 1440 quibus
1046 1363 1115 1424 iudi·

79 1459 174 1512 ocem
195 1447 359 1525 quaestioni
380 1446 479 1523 legum
493 1454 692 1524 praepararet.
731 1445 817 1508 Aliud
840 1447 913 1504 enim
936 1446 984 1505 alli
1005 1446 1117 1509 docete

109 1532 187 1609 prius
214 1530 350 1609 expedit,
380 1529 489 1609 alioqui
509 1548 628 1608 semper
653 1531 787 1609 petitoris
809 1529 927 1590 arbitrio
950 1529 1116 1601 dicereturt

66 1682 71 1688 ό
108 1613 233 1692 denique
259 1616 287 1673 in
315 1616 502 1675 accusatione
528 1623 639 1691 mutua,
664 1632 727 1674 curn
755 1633 787 1673 se
815 1623 938 1692 uterque
964 1613 1133 1692 defendat.

107 1700 274 1777 priusquam
297 1698 493 1759 adversarium
515 1709 632 1776 arguat,
656 1700 780 1758 omnium
801 1716 898 1759 rerum
919 1715 1047 1759 necesse
1073 1707 1117 1761 eet

109 1782 240 1843 ordinem
256 1801 323 1864 esse
344 1784 499 1843 diversum.
535 1781 636 1860 lgitur,
654 1783 722 1862 quid
739 1784 803 1861 ipse
819 1783 871 1843 sim
888 1791 1019 1860 secutus,
1037 1783 1115 1862 quod

107 1869 210 1944 partim
237 1869 404 1945 praeceptis
431 1869 533 1946 partim
564 1876 730 1946 usurpatum
759 1868 872 1926 ratione
903 1882 1114 1944 cognoveram,

108 1966 237 2031 promam
251 1969 307 2012 nec
322 1969 446 2030 unquam
460 1950 647 2012 dissimulavi.

79 2043 97 2096 4
193 2034 264 2095 Erat
278 2035 346 2095 mibi
361 2053 447 2096 curae
463 2037 491 2094 in
508 2036 715 2095 controversiis
728 2033 894 2094 forensibus
906 2050 995 2094 nosse
1007 2037 1114 2113 omnia,

109 2136 183 2196 quae
207 2120 235 2177 in
263 2136 350 2179 causa
381 2127 578 2179 versarentur.
621 2119 693 2179 Nam
716 2120 744 2178 in
768 2117 871 2178 schola
892 2114 972 2178 certa
996 2128 1064 2180 sunt
1089 2128 1115 2187 et

108 2219 202 2279 pauca
217 2212 247 2261 et
258 2211 324 2261 ante
336 2201 577 2262 declamationem
589 2213 781 2283 exponuntur,
795 2219 869 2281 quae
881 2200 998 2279 θέματα
1010 2201 1115 2265 Graeci

108 2293 224 2367 ponant,
238 2283 527 2364 ciceroproporim.
565 2283 637 2347 Cum
657 2288 731 2352 baec
749 2289 778 2346 in
796 2295 957 2364 conspectu
975 2287 1121 2369 quodam·⁴

108 2369 195 2429 modo
211 2368 443 2445 collocaveram,
468 2386 525 2429 non
540 2372 632 2431 minus
647 2388 701 2450 pro
717 2373 841 2433 adversa
857 2379 941 2449 parte
960 2389 1046 2449 quam
1062 2386 1124 2451 pro¹

79 2466 171 2514 omen
195 2453 367 2530 cogitabam.
409 2452 447 2512 Er
474 2455 594 2532 primum
622 2455 723 2534 (quod
745 2473 803 2515 non
823 2454 943 2514 difficile
965 2455 1045 2515 dictu
1072 2463 1122 2523 est3

107 2536 160 2597 sed
180 2545 275 2596 tamen
291 2547 356 2597 ante
373 2539 467 2597 omnia
485 2539 671 2619 intuendum)
698 2538 924 2615 constituebam,
947 2539 1017 2618 qnid
1037 2534 1123 2613 aua?

108 2639 165 2700 que
177 2639 244 2700 pars
258 2621 349 2681 vellet
367 2621 505 2698 eibcere,
529 2632 587 2682 tum
607 2642 662 2702 per
686 2623 769 2702 quid,
792 2623 850 2683 hoc
864 2621 972 2684 modo.¹
996 2620 1115 2702 Cogita·

107 2706 184 2781 bam,
200 2705 268 2783 quid
279 2708 399 2783 primurn
414 2707 524 2785 petitor
539 2706 660 2769 diceret
694 2707 726 2768 ld
738 2715 787 2768 aut
802 2708 970 2768 confessum
987 2716 1052 2767 erat
1069 2706 1122 2785 aut}

79 2798 337 2853 boontroversum.
375 2791 406 2851 Si
422 2791 602 2851 confessum:
625 2808 682 2851 non
698 2801 813 2871 poterat
828 2791 867 2852 ibi
884 2810 951 2852 esse
967 2793 1115 2872 quaestio

107 2872 275 2933 Transibam
290 2890 362 2951 ergo
379 2875 415 2934 ad
432 2892 604 2954 responsam
620 2877 709 2955 partis
726 2877 856 2953 alterius,
873 2876 948 2936 idem
964 2874 1115 2949 intuebar}

107 2975 307 3036 nonnunquam
323 2960 427 3037 etiam,
451 2959 529 3039 quod
544 2959 611 3020 inde
633 2960 832 3036 obtinebatur,
856 2961 1024 3020 confessum
1041 2958 1122 3031 erat}

107 3041 162 3102 Ubi
177 3042 298 3120 primum
314 3053 455 3122 coeperat
470 3060 528 3103 non
545 3047 717 3104 convenire:
741 3045 873 3124 quaestio
892 3043 1052 3105 oriebatur.
1085 3040 1115 3106 td

107 3125 164 3184 tale
186 3135 247 3186 est:
274 3124 424 3189 Occidisti
442 3129 609 3200 bominem
640 3127 760 3191 Occidi.
802 3126 959 3196 convenia
982 3136 1122 3201 transeo„

75 3208 257 3274 illationem
272 3211 395 3273 reddere
414 3211 503 3272 debet
519 3231 603 3288 reus,
626 3231 715 3291 quare
735 3213 886 3274 occiderit.
918 3209 1122 3293 Adulterum

105 3294 212 3373 inquit,
237 3315 306 3356 cam
328 3298 473 3358 adultera
494 3298 638 3359 occidere
658 3297 739 3362 iicet.
778 3297 886 3375 Legem
908 3314 976 3357 esse
1001 3306 1121 3359 certum¹

107 3387 161 3437 est.
202 3377 330 3440 Tertium
353 3381 408 3440 iarn
428 3380 536 3459 aliquid
555 3380 707 3442 videndum
724 3389 784 3457 est,
808 3384 836 3441 in
852 3398 909 3459 quo
925 3399 1024 3460 pugna
1044 3390 1121 3451 conr'

104 3463 196 3522 sistat.
234 3461 302 3526 Non
315 3463 442 3541 frterrrat
458 3464 611 3537 diuitem
628 3463 779 3544 Fuerunt,
798 3468 946 3547 quaestio:
972 3465 1009 3525 de
1033 3466 1121 3545 iacto:
