2408 3854
357 196 803 262 rnsn.onsron.n1n.v11,a.
1047 191 1082 252 11

75 355 170 434 ipsum
186 352 279 413 adhue
296 352 444 428 dividitur,
465 355 576 412 etiamsi
592 362 714 431 uterque
730 353 785 413 sibi
800 363 891 414 totum
905 354 1083 426 vindicarem

75 456 152 498 nuno
173 439 287 515 utique,
312 454 376 496 oum
398 435 473 496 alter
494 438 645 496 semissem
669 437 745 496 alter
765 439 901 497 universa
922 438 1011 499 fratre
1034 459 1083 500 ex·

76 522 171 581 cluso.
204 519 264 581 Sed
275 520 319 580 his
335 522 464 580 tractatis
479 522 565 580 etiam
576 520 665 580 habet
676 539 809 598 magnum
820 531 994 582 momentum
1008 524 1083 602 apud

74 604 188 665 iudices
208 606 298 682 patris
315 605 470 680 memoria,
489 622 553 663 oum
569 607 741 682 praesertim
756 605 792 665 de
809 604 893 666 bonis
915 608 977 665 eius
995 625 1083 685 quae-

74 698 164 749 ratur.
203 687 266 748 Erit
282 705 354 765 ergo
371 690 555 763 oonieotura,
573 686 636 762 Qua
654 697 750 748 mente
766 698 850 767 pater
864 693 1016 750 intestatus
1033 693 1082 751 de·

74 768 222 833 cesserit?
261 772 321 832 Sed
337 790 371 832 ea
387 774 512 850 pertinet
529 771 564 831 ad
582 772 765 850 qualitatem;
788 773 908 834 alterius
927 783 1018 834 status
1043 777 1083 834 in·

74 865 265 917 strumentum
285 865 340 915 est.
384 855 558 933 Plerumque
579 866 674 916 autem
696 859 724 916 in
740 858 796 917 fine
818 876 969 919 causarum
984 859 1019 918 de
1036 863 1126 919 ae·63

73 943 186 1018 quitata
201 939 388 1016 tractabitur,
413 942 479 1019 quia
494 940 564 999 nihil
577 939 712 1000 libentius
728 942 840 1002 iudices
855 943 980 1003 audiunt.
1022 943 1083 1003 Ali·

75 1025 191 1103 quando
213 1033 309 1084 tamen
326 1023 402 1084 huno
426 1024 555 1083 ordinem
577 1023 696 1085 mutabit
712 1025 840 1101 utilitas,
866 1036 912 1102 ut,
936 1028 960 1085 si
977 1028 1006 1085 in
1021 1029 1083 1087 iure

72 1110 167 1168 minus
183 1108 305 1168 fiduciae
321 1110 393 1183 erit,
411 1110 556 1186 aequitate
571 1108 696 1169 iudicem
713 1127 930 1188 praeparemus.

159 1191 238 1252 Nihil
259 1191 346 1252 babai
374 1192 511 1270 amplius,
541 1192 618 1270 quod
638 1195 667 1253 in
686 1195 852 1252 universum
870 1197 1081 1275 praeciperem.

71 1275 158 1336 Nono
174 1294 272 1335 eamus
289 1294 343 1354 per
364 1277 492 1353 singulas
515 1293 665 1336 causarum
682 1277 855 1337 iudicialium
874 1288 988 1356 partes,
1011 1298 1083 1357 quas
1093 1292 1127 1343 ot

74 1370 107 1420 ut
123 1361 262 1439 persequi
274 1359 309 1419 ad
325 1360 450 1420 ultimam
468 1361 612 1438 speeiem,
629 1360 657 1419 id
673 1370 718 1420 est
733 1362 768 1421 ad
784 1363 913 1439 singulas
929 1362 995 1421 lites
1014 1381 1082 1423 oon·

73 1445 313 1522 troversiasque,
328 1460 386 1503 non
398 1461 535 1523 possum:
553 1445 590 1503 ita
606 1445 642 1504 de
654 1445 841 1522 generalibus
858 1445 990 1506 seribere
1002 1446 1082 1523 lieet,

73 1537 122 1603 ut,
141 1529 259 1607 quaein
277 1546 420 1606 quemque
436 1537 539 1589 statum
554 1527 788 1607 frequentissime
803 1529 945 1607 incidant,
963 1531 1081 1591 tradam.

73 1609 128 1686 m,
152 1613 218 1690 quia
240 1619 340 1672 natura
360 1614 449 1692 prima
473 1614 606 1691 quaestio
627 1621 691 1689 est,
713 1611 870 1674 Faetumne
894 1616 946 1692 sit,
973 1614 1008 1674 ab
1026 1615 1083 1673 hoo

75 1695 181 1756 ordiar.

429 1850 471 1900 DE
491 1851 705 1902 comaclium.

162 1946 197 2006 ll.
230 1944 464 2007 Coniectura
491 1949 581 2007 omnis
604 1957 651 2008 aut
671 1947 707 2008 de
728 1964 762 2005 re
784 1955 831 2004 aut
854 1946 890 2007 de
912 1947 1005 2005 animo
1027 1955 1082 2015 est.

75 2031 233 2109 Utriusque
248 2033 301 2091 tria
315 2041 462 2109 tempora,
479 2033 681 2110 praeteritum,
699 2047 856 2109 praesens,
873 2031 1008 2090 futurum.
1038 2028 1083 2087 lle

73 2133 108 2175 re
125 2124 154 2174 et
171 2115 328 2192 generales
344 2117 531 2194 quaestiones
544 2125 609 2175 sunt
625 2125 654 2205 qt
669 2114 818 2189 delinitae,
839 2115 942 2188 idest,
964 2122 1082 2190 atquae

75 2201 211 2278 personis
235 2216 293 2259 non
320 2200 501 2260 eontinentur
526 2209 555 2259 et
580 2218 655 2278 quae
682 2200 872 2259 eontinentur.
916 2197 962 2256 De
988 2198 1110 2257 animoa

76 2285 179 2361 quaeri
198 2300 256 2342 non
276 2292 390 2362 potest,
412 2285 466 2343 nisi
482 2284 530 2344 ubi
550 2302 677 2363 persona
694 2291 738 2343 est
756 2293 785 2342 et
805 2282 841 2341 de
862 2283 941 2342 facto
959 2290 1082 2342 constat.

75 2365 175 2445 Ergo,
195 2386 260 2427 oum
271 2368 307 2428 de
321 2386 354 2428 re
370 2369 483 2446 agitur,
507 2377 554 2428 aut
573 2369 641 2446 quid
660 2368 767 2427 iactum
783 2369 835 2443 sit,
855 2369 883 2426 in
902 2365 1016 2425 dubium
1033 2384 1083 2424 ve·

74 2453 133 2526 nit,
159 2459 207 2510 aut
228 2453 295 2530 quid
317 2453 383 2528 irat,
410 2461 458 2512 aut
482 2451 548 2531 qnid
568 2455 605 2511 sit
626 2451 766 2512 futurum:
788 2459 818 2509 ut
841 2452 869 2509 in
884 2449 1082 2528 generalibus,

74 2531 126 2595 An
153 2542 321 2598 atomorum
342 2555 496 2597 concursu
522 2537 656 2598 mundus
679 2536 718 2596 ait
740 2534 885 2618 effeetus?
917 2551 959 2594 an
976 2534 1084 2611 proni-

75 2619 184 2680 dentia
198 2621 406 2699 reputari-un
419 2621 642 2699 utaliquando
657 2620 814 2680 casurus?
836 2620 863 2676 in
879 2616 1018 2676 delinitis:
1034 2617 1084 2675 An

72 2703 283 2782 parricidium
298 2705 480 2766 commiserat
492 2703 644 2766 Roscius?
658 2700 706 2763 An
723 2721 851 2780 requam
862 2700 982 2783 affectet
992 2697 1083 2761 lilan-

74 2787 158 2847 liua?
180 2784 226 2847 An
242 2797 326 2850 reete
340 2785 467 2849 Verrem
480 2790 520 2850 sit
531 2795 739 2849 accusaturus
756 2783 976 2859 Maecilius?
998 2783 1030 2843 ln
1041 2785 1112 2850 iu·3

76 2869 160 2930 dioiis
175 2873 363 2948 praeteritum
379 2881 491 2951 tempus
507 2873 630 2931 maxime
645 2871 739 2938 valet;
756 2886 840 2930 nemo
857 2872 932 2929 enim
953 2875 1081 2941 aoousat,

75 2954 131 3013 nisi
152 2972 227 3032 quae
249 2957 324 3016 laeta
347 2965 421 3015 sunt.
464 2955 631 3033 Numquae
653 2955 720 3015 liant
743 2963 772 3013 et
796 2972 871 3032 qnae
896 2953 990 3013 lutura
1016 2952 1081 3024 sint,

77 3056 115 3098 ex
138 3041 303 3117 praeteritis
327 3040 511 3121 colliguntur.
549 3038 703 3113 Quaeritur
724 3048 753 3099 et
772 3037 855 3097 Unde
877 3037 945 3115 quiul
968 3032 1083 3095 ortum?

77 3130 108 3181 ut
120 3126 295 3200 pestilentia
313 3158 356 3168 -
371 3126 422 3186 ira
435 3125 525 3187 eleum
538 3141 579 3184 aa
592 3125 770 3200 intemperie
784 3124 860 3184 eoela'
873 3142 915 3182 un
930 3121 1084 3198 corruptis

77 3207 169 3283 aquis
191 3227 233 3270 an
253 3210 346 3270 nomo
367 3215 472 3269 terrae
493 3209 613 3269 halitu?
655 3205 692 3266 m
712 3206 794 3280 Quae
816 3223 903 3266 eausa
924 3201 1015 3265 faeti?
1041 3211 1082 3278 nt,

79 3287 187 3363 Quare
213 3293 257 3353 ud
287 3291 411 3354 Troiam
440 3293 661 3370 quinquaqinta
685 3309 774 3370 repes
801 3291 1016 3367 nuuipaoerint
1045 3321 1083 3330 —

76 3376 283 3438 iureiurando
299 3378 407 3438 adacti
422 3393 464 3437 an
483 3377 621 3455 coempto
631 3376 702 3436 moti
717 3373 985 3452 anpratifieuntes
998 3368 1083 3431 Aru-

78 3454 151 3519 dis?
175 3479 249 3538 quae
263 3461 319 3520 duo
334 3478 444 3539 genera
459 3477 516 3519 non
530 3460 647 3519 multum
664 3460 739 3517 inter
753 3475 786 3516 se
801 3458 915 3517 distant.
945 3455 987 3514 lla
1001 3461 1113 3528 vero,4
