2408 3854
131 219 189 279 174
436 227 803 288 nr.nan.qururrnrnn1
878 222 882 228 ·

127 384 279 465 incipiant:
302 401 359 463 quo
378 383 541 463 pudendum
559 391 605 442 est
620 383 723 459 magis,
740 382 765 440 si
781 379 980 442 difficultatem
994 381 1065 442 lacit
1079 381 1131 444 do·

128 469 229 529 ctrina.
261 467 327 528 Non
342 485 414 544 ergo
431 485 548 546 semper
561 475 693 546 putemus
712 466 848 543 optimum
866 482 934 524 esse
951 465 1028 543 quod
1045 467 1130 532 latet:

127 553 359 613 immutescamus
377 551 496 629 alioqui,
520 552 544 609 si
559 549 629 610 nihil
644 548 795 610 dicendum
810 548 958 624 uideatur,
980 550 1034 609 nisi
1054 550 1131 628 quod

86 643 184 700 linon
196 637 363 696 invenimus.
400 633 554 693 Diversum
572 643 617 694 est
639 633 705 693 bnic
727 649 826 692 eorum
840 632 957 709 vitium,
974 634 1023 711 qui
1038 634 1131 712 primo

127 719 284 780 decurrere
301 737 355 798 per
370 719 517 778 materiam
534 717 600 777 stilo
618 734 701 796 quam
718 716 907 777 velocissimo
922 714 1024 776 volunt
1039 725 1069 778 et
1084 735 1131 778 se·

127 811 249 881 quentes
271 803 409 862 calorem'
421 811 507 881 atque
528 797 664 880 impetum
686 818 723 860 en
743 809 876 878 tempore
892 796 1046 869 scribunt3'
1058 800 1133 862 lianc

125 888 234 948 micum
250 894 364 946 vocant.
407 884 553 965 Repetunt
574 885 678 947 deinde
696 892 725 944 et
740 892 917 963 componunt
932 902 1007 963 quae
1023 884 1132 945 elinde-

125 978 202 1037 rant;
219 970 271 1030 sed
289 968 379 1029 rerba
392 968 578 1029 emendantur
593 969 753 1044 etruriam,
769 976 865 1028 manet
878 969 908 1027 in
918 967 1006 1028 rebus
1021 978 1132 1029 temere

84 1054 274 1132 recongestis
300 1071 375 1132 quae
395 1053 448 1112 luit
464 1053 578 1113 levitas.
620 1051 751 1112 Protinus
775 1069 847 1129 ergo
870 1051 1010 1114 adbibere
1034 1070 1132 1113 curam

125 1138 234 1198 rectius
255 1139 309 1197 erit
330 1145 417 1216 atque
441 1136 477 1197 ab
498 1138 578 1196 initio
605 1137 647 1196 sic
673 1152 747 1215 opus
768 1135 895 1212 ducere,
914 1144 946 1195 ut
962 1135 1131 1197 caelandum

125 1238 182 1281 non
201 1238 238 1280 ex
263 1223 378 1298 integro
404 1219 599 1282 fabricandum
622 1221 667 1280 sit:
708 1217 873 1298 Aliquando
896 1228 992 1279 tamen
1007 1219 1131 1280 allectus

125 1322 291 1384 sequemur,
308 1303 455 1383 inquibus
471 1303 535 1363 lere
552 1303 617 1382 plns
633 1302 715 1364 calor
730 1320 815 1382 quam
832 1303 982 1381 diligentia
997 1304 1087 1363 valet.

209 1389 286 1449 Satis
299 1396 420 1466 apparet
436 1405 473 1446 ex
485 1403 532 1463 eo,
550 1386 628 1465 quod
639 1387 713 1448 banc
724 1386 911 1447 scribentium
923 1387 1131 1465 negligentiam

84 1471 239 1546 19damuo‚
256 1469 323 1549 quid
339 1469 376 1530 de
388 1471 445 1531 illis
462 1470 626 1532 dictandi
648 1471 760 1533 deliciis
779 1472 909 1532 sentiam.
936 1469 1008 1531 Nam
1021 1472 1050 1530 in
1061 1469 1129 1530 stilo

71 1552 82 1568 '
127 1554 242 1632 quidem
258 1552 415 1633 quamlibet
435 1562 593 1633 properato
616 1555 664 1614 dat
684 1554 808 1633 aliquam
830 1555 998 1632 cogitationi
1021 1571 1130 1614 moram

125 1655 388 1716 nonconsequeus
411 1638 589 1698 celeritatem
618 1640 680 1698 eius
700 1656 814 1707 manus;
846 1637 897 1698 llle
923 1639 969 1698 cui
990 1638 1129 1698 dictamus

124 1730 225 1799 urget,
249 1731 335 1801 atque
359 1720 471 1781 interim
492 1721 581 1800 pudet
601 1722 687 1782 etiam
708 1717 838 1782 dubitare
861 1729 910 1782 aut
925 1723 1066 1783 resistere
1082 1729 1130 1782 aut

83 1817 117 1868 20
124 1815 233 1866 mutare
249 1806 332 1884 qnasi
349 1807 496 1866 conscium
513 1805 681 1866 infirmitatis
699 1814 816 1865 nostrae
832 1806 974 1866 timentes.
1005 1805 1070 1880 Quo
1087 1805 1128 1881 lit,

125 1898 155 1948 ut
175 1906 232 1948 non
247 1889 328 1950 rudia
350 1897 457 1949 tantum
480 1897 509 1948 et
524 1889 641 1950 fortuita
659 1888 711 1949 sed
731 1890 888 1968 impropria
910 1890 1040 1965 interim,
1063 1888 1128 1949 dum

125 1971 188 2033 sola
206 1981 250 2033 est
272 1973 463 2034 connectendi
485 1975 626 2032 sermonis
645 1972 800 2052 cupiditas,
819 1972 951 2049 effluant,
976 1990 1051 2051 quae
1072 1988 1128 2031 nec

125 2055 312 2116 scribentium
332 2074 429 2117 curam
444 2075 500 2116 nec
516 2052 671 2117 dicentium
681 2058 817 2135 impetum
834 2063 1058 2134 consequantur.
1089 2055 1128 2114 m

124 2140 200 2201 idem
219 2140 281 2216 ille,
301 2141 349 2218 qni
361 2141 488 2218 excipit,
506 2142 531 2199 si
545 2140 655 2200 tardior
669 2142 697 2199 in
712 2138 867 2200 scribendo
884 2149 932 2200 aut
946 2139 1085 2199 incertior
1099 2140 1127 2197 in

124 2222 251 2299 legendo
270 2222 350 2283 uelut
370 2224 530 2283 oliensator
544 2222 612 2283 init:
629 2222 772 2290 inhibetur
790 2242 903 2301 cursus,
919 2230 1007 2303 atque
1024 2223 1127 2299 omnis,
1179 2260 1183 2268 ι

126 2323 199 2382 quae
216 2314 293 2382 erat,
318 2315 480 2386 conceptae
501 2308 604 2367 mentis
627 2308 748 2366 intentio
768 2324 848 2367 mora
864 2316 894 2368 et
911 2308 1051 2368 interdum
1071 2307 1127 2366 ira·

81 2401 114 2453 21
124 2389 226 2448 cundia
242 2391 394 2449 excutitur.
425 2388 504 2459 ‚l'um
524 2389 591 2467 illa,
613 2408 687 2469 quae
706 2389 838 2451 altiorem
855 2392 939 2451 animi
960 2398 1066 2450 motum
1081 2407 1126 2449 se·

123 2481 247 2551 quuntur
258 2491 392 2553 quaeque
405 2475 468 2553 ipsa
480 2475 601 2534 animum
612 2474 822 2554 quodammodo
835 2476 990 2551 concitant,
1007 2490 1127 2552 quorum

124 2564 169 2617 est
182 2558 290 2617 iactare
306 2575 433 2634 manum,
457 2567 596 2635 torquere
611 2556 735 2634 vultum,
757 2559 848 2618 sinum
870 2569 900 2619 et
920 2560 995 2619 latus
1008 2558 1127 2618 interim

123 2639 295 2718 obiurgare,
313 2659 447 2721 quaeque
463 2640 578 2701 Persius
597 2650 687 2717 notat,
707 2659 770 2701 cum
785 2642 890 2702 leviter
907 2640 1021 2702 dicendi
1035 2659 1128 2719 genus

122 2724 274 2801 significat,

150 2805 216 2868 Nec
229 2811 373 2886 pluteum,
390 2810 498 2888 inquit,
518 2811 620 2872 caedit
634 2828 692 2870 ccc
708 2810 864 2872 demorsos
878 2811 962 2888 cupit
974 2827 1100 2888 ongum,

79 2891 205 2954 utetiam
220 2890 343 2952 ridicula
358 2902 439 2968 sunt,
461 2893 516 2952 nisi
537 2912 601 2953 cum
624 2892 680 2952 soli
696 2910 802 2952 sumus.
843 2891 977 2973 Denique
991 2901 1022 2952 ut
1036 2891 1144 2969 semel·

123 2973 200 3052 quod
225 2983 271 3034 est
292 2977 523 3053 potentissimum
545 2976 654 3052 dicam,
678 2974 822 3036 secrelum
846 2978 875 3036 in
891 2975 1024 3037 dictando
1041 2976 1126 3055 perit.

122 3057 220 3136 Atque
242 3057 365 3118 liberum
388 3057 504 3118 arbitris
527 3059 623 3120 locum
646 3068 675 3119 ct
697 3076 781 3137 quam
796 3058 964 3120 altissimum
983 3058 1128 3120 silentium

122 3139 316 3200 scribentibus
330 3142 453 3201 maxime
470 3144 628 3203 convenire
638 3160 723 3203 nemo
736 3142 919 3203 dubitaverit.
952 3142 1019 3203 Non
1031 3151 1129 3217 tamen

121 3223 252 3302 protinus
268 3222 418 3301 audiendi,
441 3226 490 3304 qui
512 3225 634 3286 credunt
653 3228 800 3305 aptissima
820 3228 849 3286 ln
863 3227 921 3287 boc
943 3243 1062 3298 nemora
1079 3226 1128 3286 sil·

50 3342 56 3353 ·
120 3324 242 3386 vasque,
261 3306 338 3385 quod
353 3306 403 3368 illa
421 3308 498 3370 coeli
513 3307 643 3386 libertas,
662 3310 793 3372 locorum
805 3312 963 3371 amoenitas
977 3308 1129 3375 sublimem

79 3390 244 3462 23animum
265 3399 295 3450 et
316 3390 476 3453 beatiorem
495 3393 623 3472 spiritum
644 3401 756 3472 parent.
799 3392 869 3455 blibi
890 3403 971 3455 certe
987 3391 1129 3455 iucundus

65 3471 282 3636 Η
303 3492 388 3557 qnam
407 3476 566 3538 studiorum
590 3476 722 3540 hortator
747 3477 953 3542 videturesse
978 3493 1126 3539 secessus.
