2408 3854
356 227 445 276 rusa.
468 188 618 277 onerose.
640 228 710 274 nlo.
729 229 779 293 ur,
794 224 821 277 4.
1021 216 1077 280 131

76 385 122 444 ier
143 383 200 444 hoc
223 382 364 443 ultimum:
387 384 478 442 minus
493 382 613 442 valebit.
658 381 730 441 Nam
748 383 836 442 totius
853 383 955 442 ductus
970 383 1018 442 hic
1040 395 1085 444 est

76 469 159 545 quasi
179 483 298 542 mucro,
321 475 351 526 ut
372 484 426 545 per
447 485 480 526 se
509 467 596 527 foeda
611 467 747 526 vomendi
762 467 924 526 necessitas
945 468 1001 526 iarn
1015 468 1084 529 nihil

76 552 149 611 ultra
171 548 392 629 expectantibus
415 550 489 611 hanc
511 567 628 628 quoque
648 550 788 610 adiiceret
803 549 1030 627 deformitatem,
1054 563 1085 612 ut

75 635 158 695 cibus
180 636 274 694 teneri
297 651 355 693 non
381 644 483 712 posset
507 634 658 712 postridie.
703 634 825 694 Solebat
849 634 1125 704 AierDomitius31

74 721 211 779 traiicere
227 721 256 777 in
272 717 412 778 clausulis
432 717 523 777 verba
540 727 647 778 tantum
662 719 843 798 asperandae
866 721 1084 798 compositionis

73 804 168 882 gratia
184 811 213 862 et
237 803 360 862 maxime
382 803 410 860 in
432 803 606 881 prooemiis:
632 811 662 862 ut
687 820 740 881 pro
763 802 929 878 Domitilla,
960 804 1085 866 Gratias

74 906 166 967 aqam
183 889 344 956 contiacum·
373 895 403 946 et
419 903 473 966 pro
492 885 605 961 Laelia,
622 883 679 947 Eis
698 890 836 967 atrisque
851 888 939 965 opud
958 897 986 951 te
1005 890 1084 950 iudi·

75 991 141 1033 ccm
159 973 355 1049 periclitatur
374 969 492 1032 Locliu.
537 969 623 1030 Adeo
639 969 747 1048 refugit
769 979 898 1032 teneram
916 971 1083 1032 delicatam·

75 1073 132 1134 que
153 1054 318 1115 modulandi
338 1054 534 1133 voluptatem,
559 1063 590 1113 ut
616 1053 797 1114 currentibus
817 1073 871 1134 per
892 1073 925 1114 se
947 1058 1083 1133 numeris,

75 1140 153 1217 quod
175 1157 228 1198 eos
255 1137 416 1214 inhiberet,
441 1137 594 1213 obiiceret.
638 1137 852 1218 Amphiboliam
875 1156 993 1218 quoque
1021 1140 1125 1200 berith

73 1225 179 1283 vitiosa
196 1222 343 1283 locatione
359 1223 531 1297 verborum,
548 1239 632 1281 nemo
649 1231 710 1298 est,
729 1225 778 1301 qui
794 1224 915 1283 nesciat.
942 1222 1022 1283 llaec
1038 1242 1081 1284 ar·

74 1307 182 1377 bitror,
200 1317 231 1366 ut
246 1309 274 1366 in
288 1307 389 1382 brevi,
412 1307 449 1367 de
466 1307 568 1367 ordine
587 1307 679 1366 luisse
696 1307 833 1377 dioenda;
854 1309 902 1386 qui
919 1310 943 1366 si
960 1308 1082 1367 vitiosus

74 1401 136 1451 est:
159 1392 228 1451 licet
244 1400 273 1450 et
288 1392 383 1451 vincta
406 1393 442 1450 sit
461 1400 490 1450 et
511 1399 578 1469 apte
600 1393 707 1452 cadens
730 1394 838 1469 oratio,
863 1401 959 1452 tamen
979 1393 1081 1451 merito
1122 1394 1124 1399 '

73 1478 266 1555 incomposita
287 1475 407 1535 dicatur.

159 1558 335 1619 iunctura
358 1561 498 1638 sequitur.
542 1557 596 1619 Est
616 1562 645 1620 in
662 1558 776 1636 verbis,
797 1562 915 1636 incisis,
934 1561 1081 1636 membris,

73 1642 223 1722 periodis;
248 1645 341 1703 omnia
358 1661 481 1722 namque
495 1645 550 1703 ista
572 1653 602 1703 et
616 1646 738 1703 virtudes
755 1653 784 1704 et
798 1647 867 1704 vitia
884 1646 912 1705 in
928 1645 1081 1725 complexu

73 1727 192 1788 habent.
232 1727 347 1806 Atque,
373 1736 404 1786 ut
426 1727 556 1787 ordinem
574 1745 697 1806 sequar,
716 1730 836 1806 primum
854 1738 919 1789 sunt
941 1747 1015 1808 quae
1032 1732 1080 1788 irn-
1089 1733 1125 1787 33

74 1814 177 1891 peritis
195 1828 312 1890 quoque
328 1810 363 1871 ad
382 1811 641 1889 reprehensionem
657 1811 795 1871 notabilia
812 1812 960 1889 videntur,
979 1814 1007 1873 id
1026 1823 1081 1887 est,

74 1913 166 1974 quae,
186 1897 347 1955 commissis
364 1897 439 1955 inter
453 1914 487 1955 se
501 1895 600 1955 verbis
616 1893 743 1971 duobus,
762 1913 799 1955 ex
813 1895 911 1956 ultima
926 1898 1032 1976 prioris
1048 1915 1082 1956 ac

73 1983 164 2058 prima
188 1983 338 2058 sequentis
360 1978 474 2055 syllaba
502 1980 633 2039 deforme
665 1977 784 2058 aliquod
806 1996 911 2040 nomen
943 1981 1080 2040 efficiunt.

74 2063 146 2124 'lum
163 2064 308 2124 vocalium
324 2080 499 2132 concursus;
522 2066 649 2143 quicum
667 2064 787 2140 accidit,
805 2064 864 2124 hiat
885 2074 915 2126 et
931 2065 1082 2125 intersistit

74 2157 103 2208 et
120 2151 203 2227 quasi
218 2147 333 2208 laborat
348 2149 450 2208 oratio.
492 2148 622 2209 Pessime
637 2148 761 2227 longae,
779 2167 854 2228 qnae
873 2149 992 2210 easdem
1007 2150 1082 2208 inter

73 2252 106 2291 se
130 2233 242 2293 litteras
267 2234 462 2309 committunt,
495 2231 648 2294 sonabunt.
702 2232 879 2313 Praecipuus
903 2226 998 2296 tame'n
1027 2235 1081 2293 erit

72 2318 166 2376 hiatus
188 2336 303 2394 earum,
329 2336 403 2397 quae
427 2334 500 2378 cavo
517 2327 565 2378 aut
580 2317 679 2397 patulo
695 2319 817 2378 maxime
840 2336 892 2379 ore
912 2320 1078 2380 efferuntur.

72 2400 97 2460 E
116 2401 231 2479 planior
246 2401 343 2462 littera
361 2411 425 2477 est,
448 2400 461 2461 l
482 2403 632 2480 angustior
647 2411 708 2478 est,
730 2402 857 2482 ideoque
879 2402 1031 2464 obscurius
1053 2403 1123 2466 in34

71 2485 116 2544 his
136 2486 245 2544 vitium.
291 2483 384 2545 Minus
400 2485 552 2565 peccabit,
577 2488 627 2566 qui
642 2486 738 2563 longis
752 2485 859 2547 breves
876 2487 1028 2560 subiiciet,
1052 2495 1081 2544 ct

71 2568 181 2643 adhuc,
199 2571 247 2647 qui
262 2578 426 2647 praeponet
442 2569 550 2646 longae
562 2568 691 2630 brevem.
730 2568 842 2628 Minima
860 2580 905 2629 est
926 2572 955 2628 in
970 2568 1080 2630 duabus

70 2648 209 2711 brevibus
226 2652 360 2711 offensio.
400 2653 498 2731 Atque
514 2669 579 2712 cum
593 2653 668 2713 aliae
683 2651 892 2730 subiunguntur
906 2653 988 2728 aliis,
1013 2668 1080 2730 pro·
1168 2699 1175 2710 .

70 2735 138 2796 inde
166 2737 334 2814 asperiores
355 2743 452 2811 erunt,
479 2745 567 2815 prout
592 2737 651 2796 oris
673 2735 770 2795 habitu
793 2736 878 2797 simili
894 2747 942 2797 aut
963 2736 1079 2798 diverso
1141 2746 1143 2751 '

71 2820 339 2898 pronuntiabuntur.
384 2819 451 2879 Non
472 2828 568 2879 tamen
591 2819 635 2895 id,
663 2828 694 2878 ut
714 2822 822 2880 crimen
846 2822 964 2898 ingens,
992 2826 1122 2900 cupa-35

70 2905 248 2965 vescendum
275 2913 336 2979 est,
362 2921 397 2964 ac
419 2905 520 2962 nescio
536 2902 715 2981 negligentia
736 2906 764 2963 in
782 2905 839 2965 hoc
855 2923 890 2965 an
912 2905 1079 2969 sollicitudo

71 2990 108 3047 sit
124 2991 218 3066 peior.
264 2987 397 3049 Inhibeat
421 2988 496 3047 onim
510 3004 635 3046 necesse
655 2994 700 3047 est
715 2987 762 3048 hic
777 2998 870 3049 metus
885 2991 1021 3069 impetum
1039 2988 1080 3048 di·

71 3073 156 3132 cendi
185 3083 215 3133 et
238 3092 254 3133 a
275 3072 437 3152 potioribus
453 3079 575 3132 avertat.
621 3070 718 3144 Quare
739 3083 769 3133 ut
791 3073 988 3152 negligentiae
1012 3091 1080 3152 pars

70 3157 129 3215 hoo
154 3159 229 3234 pati:
262 3160 301 3218 ita
329 3156 494 3217 humilitatis
517 3154 625 3234 ubique
647 3156 891 3234 perhorrescere,
918 3161 1080 3236 nimiosque

71 3256 129 3299 non
150 3241 290 3300 immerito
316 3242 344 3300 in
364 3241 420 3301 hac
447 3257 516 3300 cura
540 3248 640 3317 putant
661 3257 761 3303 omnes
785 3241 937 3305 lsocraten
961 3251 1079 3302 secutos

72 3325 293 3404 praecipueque
306 3322 537 3403 Theopompum.
568 3323 608 3384 At
622 3323 835 3388 Demosthenes
854 3335 883 3386 ct
899 3325 1006 3387 cicero
1023 3333 1122 3390 no-so

71 3408 137 3467 dice
152 3416 348 3487 respexerunt
363 3410 399 3469 ad
415 3408 489 3468 hanc
505 3417 627 3486 partem.
663 3407 736 3472 Nam
752 3420 781 3473 et
796 3419 936 3471 coeuntes
951 3410 1078 3485 litterae,

71 3509 146 3572 quae
162 3490 341 3568 συναλοιφαὶ
355 3491 502 3572 dicuntur,
523 3494 609 3553 etiam
628 3492 773 3557 leviorem
784 3494 1102 3639 iaciuntzqratxonem,
1113 3578 1164 3600 ..-
