2408 3854
361 212 450 261 1nsn.
464 212 613 261 aennon.
628 213 697 261 nro.
713 215 751 261 1x
757 245 767 280 ,
781 210 808 265 a.
901 279 906 283 ,
1028 205 1098 264 115·

81 369 243 430 auditorem
269 385 324 426 neo
355 367 494 444 languere
520 367 664 444 potiuntur
690 367 811 428 subinde
843 369 937 447 aliquo
968 371 1087 431 notabili

82 454 176 532 ligura
193 452 365 526 exaitotum,
388 459 417 509 et
431 449 538 510 babent
557 451 697 529 quondam
713 470 750 511 ex
762 453 813 513 illu
827 455 888 512 vitii
903 455 1086 515 similitudine

82 538 221 616 gratiam,
246 536 326 595 utin
348 534 419 595 cibis
441 536 553 593 interim
575 551 646 595 naor
665 536 729 615 ipse
743 536 883 596 ineundus
901 547 956 597 est.
1001 538 1087 612 Quod

82 623 248 698 continget,
266 621 291 678 si
307 636 403 698 neque
418 636 505 696 supro
520 619 634 678 modum
649 619 755 680 multoe
771 620 877 680 inerint
891 640 946 681 neo
958 621 1086 682 eiusdem

81 705 200 784 generis
216 711 264 763 aut
280 704 395 762 innotoe
411 711 458 761 aut
473 702 657 779 frequentem
683 706 749 781 quin
768 706 929 764 sotietatem
946 715 977 765 ut
992 709 1085 766 varie·

81 799 126 850 tas
145 805 243 848 eorum
258 788 297 846 itu
312 787 415 846 raritas
431 785 541 862 effugit.

165 870 240 931 Illud
256 878 301 929 ost
312 871 407 930 nonius
423 887 533 946 genus,
553 869 630 947 quod
644 886 701 945 non
715 880 822 932 tontum
837 872 992 933 iuratione
1007 874 1084 951 posi·
1094 885 1143 938 28.

74 967 141 1018 -tum
151 965 196 1016 est
208 954 345 1032 loquendi
358 956 411 1016 sed
423 954 494 1032 ipsis
505 953 638 1012 sensibus
651 957 841 1032 cumgratiom
849 958 999 1016 tumetium
1007 959 1086 1017 vires
1125 951 1145 1009 ’.

81 1038 291 1102 uooommodat.
327 1037 351 1096 E
365 1037 468 1116 quibus
480 1038 600 1116 primum
617 1039 669 1113 sit,
686 1040 764 1116 quod
785 1039 817 1098 iit
831 1057 885 1117 per
902 1041 1085 1100 adiectio·

81 1141 168 1184 nem.
185 1122 271 1183 Plura
283 1132 348 1182 sunt
358 1139 478 1200 genera.
494 1119 566 1180 Nom
573 1130 603 1181 et
612 1120 702 1181 verbo
710 1124 901 1199 geminantur,
908 1123 957 1184 rei
968 1124 1084 1203 amplifl-

82 1208 166 1270 oaudi
178 1207 287 1286 gratim
300 1216 331 1266 ut
344 1205 463 1282 Occidi,
476 1207 588 1284 ooeidi,
600 1225 660 1268 non
669 1205 723 1285 Sp.
732 1204 893 1277 Maelium
906 1207 1027 1267 alterum
1042 1216 1087 1267 e‘st

82 1293 175 1368 enim,
190 1289 267 1368 qnod
279 1291 399 1366 indicet,
416 1291 552 1365 alterum,
569 1289 646 1369 quod
657 1291 791 1357 affirmat:
808 1289 858 1349 vel
869 1291 1039 1351 miserandi:
1056 1301 1088 1350 ut

330 1371 558 1454 incorpora,
582 1372 723 1454 Corydon
744 1410 795 1432 -.

82 1459 166 1534 Quae
188 1458 290 1519 eodem
314 1459 405 1536 ligure
429 1475 630 1535 nonnunquam
655 1476 708 1537 per
729 1460 848 1518 ironiam
865 1458 900 1518 ud
918 1458 1126 1518 elevandumuu

83 1543 270 1605 convertitur.
292 1543 399 1603 Similis
414 1543 615 1621 geminationis
631 1551 699 1621 post
715 1543 840 1622 aliquam
855 1544 1085 1603 interiectionem

82 1628 220 1707 repetitio
237 1635 283 1686 est
298 1627 351 1687 sed
368 1627 455 1707 paulo
479 1628 563 1686 etium
578 1625 793 1686 vehementior:
816 1625 922 1702 Bona,
943 1629 1086 1688 misenam

82 1712 151 1775 me!
171 1713 369 1791 (oonnrmptir
391 1713 470 1772 enirn
491 1711 630 1772 lacrimis
647 1718 749 1771 tamen
764 1710 878 1787 inti-nrm
892 1711 994 1772 animo
1012 1711 1086 1771 bae-

82 1804 130 1859 ret
146 1797 248 1877 dolor)
271 1796 368 1871 bona,
390 1797 531 1874 inquam,
555 1792 608 1858 Cn.
627 1792 760 1873 Pompeii
781 1795 1001 1855 acerbissimae
1018 1795 1088 1854 oooi

81 1880 220 1942 mibieata
241 1880 417 1958 praeconis.
464 1877 597 1939 Vinion
624 1877 701 1938 aiolo
728 1896 788 1938 non
811 1879 856 1938 ad
875 1878 1087 1955 deponendam

80 1965 140 2027 red
166 1965 211 2026 ad
235 1963 478 2042 confirmandam
508 1961 686 2024 andaciam.
738 1959 775 2020 lit
800 1959 836 2019 ub
862 1961 964 2020 iisdem
989 1958 1128 2018 verbis30

81 2048 166 2127 plura
193 2048 299 2106 aeriter
332 2055 362 2106 et
390 2048 529 2106 instanter
556 2044 712 2122 inoipiunt:
753 2042 873 2106 Nihilne
902 2053 932 2105 to
959 2052 1084 2105 noatnr-

81 2150 154 2193 nnm
173 2132 365 2210 praesidinm
384 2131 511 2211 palatii,
533 2131 608 2191 nibil
631 2129 719 2190 urbis
739 2130 879 2208 oipiliae,
901 2129 977 2190 nita
999 2129 1087 2189 timor

80 2217 202 2295 populi,
224 2216 299 2277 nibil
319 2233 485 2277 oannem
499 2215 644 2276 donorrrm
660 2207 806 2291 omnium,
828 2214 905 2276 nibil
918 2214 969 2275 lio
989 2214 1086 2273 muni·

83 2300 217 2363 tissimus
230 2299 366 2361 labendi
379 2308 504 2362 uenalia
520 2299 622 2375 tonos,
644 2299 721 2360 nibil
734 2300 841 2361 nomm
855 2316 912 2360 orn
926 2297 1087 2375 onltnspae

82 2385 263 2446 mooernnli
283 2392 313 2443 et
327 2384 356 2443 in
372 2383 474 2443 iisdem
489 2383 636 2443 desinunt:
656 2382 732 2456 Onia
748 2402 799 2446 eoo
815 2383 1006 2461 postulavit?
1022 2377 1086 2459 Ap-

81 2469 161 2546 pias.
193 2466 268 2540 Onia
286 2469 455 2547 prodnait?
488 2465 614 2547 Appiae.
659 2466 827 2545 Quanquam
844 2466 902 2527 boo
923 2464 1127 2544 exemplumil

83 2551 119 2611 od
135 2549 212 2611 aliud
236 2567 352 2630 quoque
372 2550 488 2611 soberno
504 2552 645 2630 pertinet,
668 2553 749 2611 euius
765 2560 795 2610 et
814 2551 892 2610 initia
907 2551 982 2609 inter
1004 2566 1037 2607 se
1057 2555 1086 2606 et

82 2635 155 2694 lines
171 2635 256 2695 iidem
270 2644 351 2711 sunt,
369 2636 437 2713 qnia
452 2644 482 2695 et
498 2637 582 2714 qnia,
600 2631 717 2714 Appias
728 2643 757 2693 et
767 2629 895 2710 Appius.
919 2629 1013 2705 Quale
1026 2639 1085 2690 est:

84 2716 145 2794 Qut
163 2729 249 2797 eant,
270 2721 323 2797 qni
335 2719 465 2798 foedera
485 2738 580 2799 saepe
600 2718 771 2797 ruperant?
807 2713 1085 2794 Carthaginiensem.
1117 2792 1120 2797 Ι

84 2801 145 2876 (lai
162 2810 249 2880 nial,
276 2804 327 2881 qai
349 2803 561 2864 crudelissime
578 2803 688 2864 bellam
705 2800 889 2880 personanti
922 2795 1085 2877 coritani-

81 2889 212 2949 nienoer.
258 2885 318 2962 Oni
332 2895 419 2964 sant,
440 2888 493 2964 pai
508 2885 631 2948 ltaliam
653 2885 886 2964 deformarent?
922 2880 1087 2960 Cartbapi·
1193 2958 1196 2962 Ι

81 2973 212 3033 aienses.
256 2969 316 3046 Oai
331 2979 419 3046 rant,
440 2970 566 3049 quinidi
583 2970 702 3050 mnoeoi
713 2969 890 3048 pootnlaati
921 2964 1079 3045 Cartbopi·

82 3057 213 3118 niermer.
259 3055 352 3116 Etiam
371 3056 400 3115 io
421 3053 625 3133 contrapositis
649 3053 699 3115 vei
721 3053 925 3131 comparativis
944 3050 1021 3112 solet
1041 3055 1128 3109 re-32

83 3139 231 3219 spondere
246 3141 401 3219 primorum
415 3138 571 3199 verborum
592 3138 703 3199 alterno
723 3137 875 3217 repetitio,
902 3135 980 3214 qnod
1000 3132 1086 3194 modo

83 3225 167 3284 buius
191 3241 259 3283 esse
281 3224 339 3285 loai
360 3225 457 3302 potius
486 3224 561 3284 dini:
599 3221 714 3303 Vigilat
738 3229 771 3284 ta
792 3222 832 3284 de
849 3228 952 3295 mete,
974 3227 1007 3281 nt
1025 3217 1087 3278 taio

83 3308 338 3370 consultatoribus
352 3310 561 3386 respondean·
581 3309 649 3382 ille,
665 3315 699 3368 ni
712 3325 764 3383 eo,
786 3321 845 3384 pao
857 3305 1002 3378 intendit,
1023 3317 1086 3361 ma·

81 3399 153 3454 tare
178 3409 247 3452 onrn
261 3391 399 3453 uaeroitn
415 3392 590 3470 paramini.
630 3387 671 3453 Te
685 3390 855 3470 pauonum,-
877 3388 961 3449 illnm
980 3385 1086 3447 baon-

82 3493 195 3539 narnm
206 3482 314 3537 canino
326 3477 502 3540 emmeant.
547 3472 592 3538 Ta
605 3470 979 3614 aanonmninsiitaisgille
990 3470 1087 3530 oriem

1069 3604 1144 3632 .-
