2408 3854
340 217 430 300 msc.
454 217 819 280 onnuon.n1n1x,3.
941 222 943 227 ·
1018 209 1077 272 119

444 406 486 419 -
503 371 683 450 Tectumque
702 374 858 452 laremque

117 453 274 534 Amnoque
280 453 536 536 Amyclaeumque
547 475 653 518 eonem
665 453 867 535 Cressamque
877 458 1076 536 psaranum,-

77 539 124 600 vei
146 539 284 600 diversis:
308 535 405 600 Anno
422 542 641 620 virumque—
600 537 783 601 —Multum
803 542 854 601 tue
875 548 904 602 et
922 545 1016 602 termo
1038 555 1119 606 -52

75 622 172 685 Multo
197 633 325 703 quoque.
370 622 515 683 Aduerbio
541 640 658 703 qnoque
681 633 711 682 et
729 626 898 724 pronomina
920 628 1118 701 varientuntd

74 706 134 768 ute
150 709 234 768 idum
253 708 349 767 nidi
336 725 491 782 euoenon,
514 740 557 750 -
577 706 633 766 Bis
647 725 735 768 senos
750 728 799 769 mn
794 710 916 770 nostru
934 709 1016 785 dies,
1033 744 1075 754 —

74 789 133 852 use
144 791 216 850 oniti
226 807 404 868 responsum
412 793 532 869 primns
544 793 628 851 aean
642 793 693 852 ute
702 795 824 869 petenti.
854 792 913 852 Sed
926 802 1075 873 utrumque

74 875 260 934 coacervatio
273 883 303 933 et
313 883 420 934 tantum
432 877 526 934 iuncto
538 883 587 933 out
598 874 747 934 dissoluta.
767 873 903 935 Omnibus
916 879 1117 955 scriptoresti

74 975 128 1017 sno
144 959 258 1017 nomina
275 957 416 1018 dederunt
437 958 490 1018 sed
503 959 583 1018 varia
602 966 676 1017 etot
698 960 803 1037 cuique
818 959 937 1036 fingenti
956 961 1074 1040 placuit.

73 1039 153 1101 Fons
177 1042 291 1121 quidem
316 1060 406 1118 unus,
433 1044 499 1121 quis
519 1059 632 1102 sonora
653 1041 721 1102 iacit
744 1051 773 1101 et
792 1044 978 1121 instantiora,
1001 1063 1075 1123 quae

73 1125 209 1200 dicimus,
228 1136 257 1185 et
268 1128 323 1186 vim
339 1126 477 1205 quondam
491 1143 562 1205 prae
578 1143 610 1184 se
622 1126 744 1186 ferentia
759 1126 838 1185 velut
850 1130 967 1206 saepius
983 1145 1074 1187 ermn-

74 1211 170 1288 peutis
190 1210 321 1282 affectus.

160 1336 352 1412 (innodatio,
376 1357 449 1416 quae
470 1339 573 1399 dicitur
594 1339 715 1416 κλῖμαξ,
738 1340 912 1417 apertiorem
927 1338 1016 1399 habet
1030 1359 1075 1400 ar·

74 1431 133 1481 tem
155 1431 184 1481 et
204 1425 295 1500 magis
313 1422 490 1497 affectatam,
524 1422 649 1501 ideoque
678 1440 746 1482 esse
772 1423 865 1481 rarior
886 1421 983 1482 dehet.
1022 1423 1118 1488 Estote

74 1514 170 1565 autem
184 1507 247 1585 ipsa
263 1524 379 1585 quoque
397 1506 582 1572 adiectionis;
601 1507 708 1584 repetit
718 1508 804 1582 enim,
820 1523 895 1584 quae
909 1507 1073 1583 dictasunt,

74 1599 105 1648 et
120 1591 286 1669 priusquam
300 1591 335 1650 ad
354 1589 430 1650 aliud
446 1588 620 1664 descendat,
642 1590 670 1647 in
693 1589 839 1669 prioribus
854 1592 972 1651 resistit.
1003 1590 1074 1651 Eius

74 1674 239 1752 exemplum
250 1692 292 1757 ¹en
308 1672 420 1734 Graeco
436 1673 585 1732 notissimo
600 1673 805 1733 transferetur:
826 1671 894 1735 Non
909 1676 991 1735 anim
1007 1676 1076 1736 nint

74 1759 197 1834 quidem
210 1760 267 1819 sed
282 1778 343 1820 rron
357 1759 486 1836 semum,
507 1777 565 1818 nec
586 1758 698 1833 scripsi
716 1759 840 1835 quidem
862 1759 919 1819 sed
938 1777 997 1819 non
1016 1760 1077 1820 odii

73 1841 273 1918 donationem,
294 1861 351 1902 nee
373 1843 434 1902 onte
450 1842 572 1918 quidem
592 1842 649 1901 sed
667 1859 727 1901 raon
743 1843 891 1919 persuasi
913 1838 1073 1902 Teutanis.

74 1925 138 1984 Sint
154 1932 248 1984 tamen
264 1926 366 1985 trudito
388 1933 417 1983 et
437 1924 552 1989 Latina:
574 1921 725 2003 Africano
746 1926 889 1986 virtutem
909 1925 1118 2000 indueremus

72 2008 171 2069 cintus
182 2010 325 2086 aleriam,
338 2011 440 2087 clorio
455 2008 591 2070 aemulos
609 2008 810 2086 comparauit.
841 2006 880 2067 Et
896 2004 992 2067 Calvi:
1009 2006 1077 2068 Non

72 2110 147 2168 erqo
170 2095 269 2170 mauis
288 2096 492 2172 pececatorum
511 2092 753 2171 repetundorum
783 2108 875 2169 quum
896 2092 1075 2167 maiestatis,

71 2191 170 2252 tueque
184 2178 353 2238 maiestatis
363 2179 463 2254 meyde
477 2192 568 2254 quarn
580 2173 720 2237 Plautina
730 2177 817 2254 lenis,
829 2193 926 2253 raeque
937 2173 1077 2238 reanum

73 2258 152 2336 lenis
179 2261 277 2338 monis
305 2279 397 2338 quom
421 2262 568 2336 ambitus,
591 2277 689 2338 nequa
712 2261 845 2322 ambitus
862 2261 962 2338 tnoqis
985 2274 1076 2337 quom

74 2343 206 2403 omnium
220 2345 319 2421 layum
334 2354 386 2406 ert.
419 2343 564 2404 invenitur
580 2343 654 2422 apud
674 2353 779 2421 poetas
797 2360 930 2423 quoqne,
954 2351 985 2403 ut
1000 2342 1119 2422 epodo?

73 2422 227 2485 Homerum
243 2427 280 2487 de
299 2437 433 2507 sceptro,
451 2428 528 2506 quod
543 2446 559 2487 a
576 2424 647 2487 Iove
663 2428 698 2489 ad
716 2427 963 2505 Agamemnonem
981 2445 1075 2505 usque

73 2507 201 2584 deducit,
218 2520 247 2570 et
262 2512 337 2589 apud
354 2521 481 2571 nostrum
497 2513 582 2571 etiam
601 2512 755 2588 tragicum:

157 2592 228 2654 Ione
238 2603 431 2675 proponatur
444 2604 499 2670 est,
515 2603 548 2655 ut
561 2596 731 2673 perdonent,
750 2592 908 2668 Tumulus,

162 2673 210 2737 Ee
227 2676 353 2740 Tantalo
368 2687 453 2740 ortas
467 2639 585 2756 fetens,
600 2697 639 2740 eu
655 2676 765 2755 Pelope
779 2685 880 2737 uatem
894 2683 981 2737 satus

157 2757 279 2832 Atreus
297 2764 349 2841 qui
361 2771 496 2824 nostrum
510 2780 604 2840 porto
616 2768 772 2841 propoyot
786 2779 892 2838 oenus.

160 2872 198 2932 At
220 2893 295 2953 quae
320 2893 374 2953 per
397 2875 668 2934 detractionem
689 2871 759 2932 flunt
779 2872 905 2950 figurae,
924 2870 1118 2932 brevitatisott

72 2957 269 3036 novitatisque
294 2961 416 3018 maxime
437 2958 557 3034 gretiam
579 2967 693 3036 petunt;
724 2974 843 3035 quarum
871 2974 928 3016 una
955 2963 1000 3015 ost
1029 2972 1074 3030 ea,

72 3057 157 3116 quam
173 3040 247 3101 libro
264 3045 395 3120 proximo
412 3044 439 3101 in
456 3042 471 3101 s
464 3060 561 3118 goras
577 3060 614 3101 ex
630 3041 791 3121 σννεκδοχῃ
806 3040 913 3116 distuli,
930 3057 993 3099 cum
1008 3038 1075 3098 sub·

73 3132 195 3183 tractum
209 3126 328 3186 verbum
343 3127 460 3204 aliquod
477 3128 547 3185 satis
563 3145 600 3186 ex
621 3126 727 3186 ceteris
741 3124 926 3201 intelligitur·
948 3132 979 3182 ut
1001 3120 1074 3182 Gae-

74 3208 162 3266 iius
155 3226 182 3266 ru
204 3208 374 3284 Antonium
401 3208 532 3289 stupere
554 3211 671 3288 quodie
694 3208 843 3270 &aecus
887 3208 976 3268 Simul
1000 3206 1073 3264 enim

72 3290 186 3350 auditur
201 3295 307 3372 coepit
335 3291 441 3354 Cicero
456 3292 492 3353 ad
503 3292 633 3353 Brutum:
649 3292 757 3356 Sermo
766 3292 868 3353 attilus
881 3292 999 3351 seilicet
1012 3288 1074 3347 nisi

74 3378 114 3436 de
130 3380 178 3443 ter
193 3378 268 3452 quid
283 3379 362 3437 carim
372 3378 497 3455 potius⁹
535 3374 609 3438 Tum
622 3376 766 3451 Flavius,
785 3373 882 3436 Cras
897 3374 1008 3477 torquet,
1024 3379 1071 3432 ta-

73 3459 211 3533 dederit,
236 3468 265 3521 et
279 3479 334 3539 eqo
346 3461 460 3521 ididem
475 3461 533 3522 dua
549 3462 628 3527 inter
649 3478 772 3523 coortum
789 3475 930 3518 morcon.
961 3451 1014 3515 on
1034 3455 1072 3514 si·
1062 3463 1116 3517 59
