2408 3854
148 188 207 250 154
468 196 504 246 u.
520 195 599 244 rua.
615 194 836 255 cornuorum

145 357 211 432 sint,
228 371 303 433 quae
318 354 346 413 iu
361 360 481 413 auctore
497 368 614 429 quoque
627 352 785 430 praecipua
799 353 900 412 virtus.
935 351 995 413 Sed
1010 355 1149 433 persequi

100 438 275 518 38singulos
296 436 396 497 inliniti
412 435 501 496 luerit
517 436 627 513 operis.
667 433 782 514 Quippe
799 453 863 494 oum
878 437 906 495 in
919 434 1009 495 Bruto
1025 435 1063 496 bl.
1079 435 1148 499 Tul·

143 525 198 584 lius
212 531 256 582 tot
277 520 391 582 milibus
417 537 552 579 versuum
573 517 610 578 de
631 518 767 579 Romanis
790 527 897 580 tantum
918 520 1083 581 oratoribus
1105 522 1148 582 lo-

144 616 248 686 quatur
267 614 297 666 et
312 614 407 665 tamen
422 602 458 664 de
475 602 606 663 omnibus
622 604 725 664 aetatis
741 621 823 679 suae,
836 602 1007 682 quibuscum
1019 605 1147 681 vivebat,

143 691 276 769 exceptis
298 686 426 748 Caesare
441 697 528 766 atque
543 686 702 762 llarcello,
718 687 864 748 silentium
879 688 990 765 egerit:
1013 690 1077 766 quis
1094 690 1150 751 erit

142 775 255 849 modus,
279 773 304 832 si
322 780 351 832 et
366 771 434 832 illos
450 780 479 831 et
495 771 544 850 qui
563 780 667 850 postea
681 772 796 833 luerunt
812 780 842 831 et
857 770 986 832 Graecos
1002 788 1104 833 omnes
1119 783 1150 835 et

97 856 356 937 aopbilosoplros?
391 855 455 915 Fuit
475 856 563 933 igitur
582 854 710 917 brevitas
727 855 778 916 illa
801 856 960 933 tutissima,
983 874 1057 935 quae
1072 857 1149 936 apud

140 942 250 1002 Livium
264 942 293 999 in
309 940 434 1018 epistola
452 939 487 999 ad
503 938 590 998 lilium
606 942 732 1019 scripta,
760 941 904 1018 leocados
918 938 1149 1004 Demosthenem

141 1034 232 1103 atquo
248 1022 442 1100 Ciceronem,
465 1032 527 1085 tum
546 1024 605 1099 tto,
627 1031 661 1087 ot
673 1026 801 1103 quisque
815 1033 894 1086 esset
906 1022 1104 1087 Demostheni
1120 1033 1151 1087 et

97 1107 283 1173 tocioeroot
297 1109 480 1170 stmttttmns.
504 1105 570 1167 Non
585 1116 737 1169 esttamen
749 1107 953 1169 dissimulanda
968 1110 1061 1168 nostri
1075 1125 1148 1188 quo·

142 1212 198 1272 que
214 1193 310 1253 iudicii
325 1208 443 1252 summa.
481 1189 593 1251 Paucos
610 1192 685 1252 enim
699 1192 748 1253 vel
764 1192 860 1271 potius
877 1193 926 1252 vix
944 1191 1033 1252 ullum
1048 1210 1086 1253 err
1102 1192 1148 1252 bis

141 1279 189 1356 qui
199 1284 373 1336 uetustatem
388 1274 570 1353 pertulerunt
586 1277 719 1335 existimo
735 1291 826 1354 posse
843 1276 977 1354 reperiri,
993 1277 1061 1354 quin
1076 1276 1147 1337 iudi·

141 1362 214 1420 oium
229 1358 431 1420 adhibentibus
448 1357 586 1419 allaturus
609 1361 646 1419 sit
661 1360 791 1421 utilitatis
806 1358 932 1438 aliquid,
956 1377 1020 1420 cum
1044 1378 1078 1420 se
1100 1358 1147 1421 ct-

141 1461 210 1504 oero
229 1442 264 1505 ab
279 1443 338 1502 illis
354 1459 470 1521 quoque
485 1444 687 1503 vetustissimis
702 1443 885 1520 auctoribus,
908 1444 1069 1520 ingeniosis
1084 1446 1147 1523 qui·

140 1526 205 1587 dem
231 1527 283 1586 sed
306 1535 369 1587 arte
391 1526 572 1603 carentibus,
594 1527 745 1606 plurimum
766 1528 891 1588 lateatur
910 1526 1045 1589 adiutum.
1083 1525 1148 1588 Nec

101 1610 227 1674 tlmulto
246 1610 324 1671 aliud
346 1609 384 1670 de
401 1611 485 1670 novis
506 1612 611 1671 sentio.
650 1609 860 1685 Quotus'euim
881 1613 1005 1691 quisque
1024 1612 1146 1672 inveniri

140 1705 197 1755 tam
219 1694 337 1755 demens
360 1702 474 1772 potest,
503 1695 552 1773 qui
579 1711 616 1754 ue
643 1696 755 1756 minima
780 1695 894 1774 quidem
916 1694 1038 1755 alicuius
1065 1704 1147 1756 certe

137 1779 245 1852 ¹liducia
260 1779 349 1856 partis
370 1779 537 1838 memoriam
551 1779 731 1858 posteritatis
746 1775 929 1858 speraverit?
965 1778 1021 1853 Qui
1041 1781 1066 1838 si
1082 1780 1146 1859 quis

141 1871 201 1923 est:
224 1864 298 1922 intra
319 1863 427 1941 primos
451 1863 545 1922 statim
565 1880 669 1922 versus
692 1862 926 1942 deprehendetur
946 1871 976 1922 et
993 1863 1076 1923 citius
1092 1879 1146 1923 nos

141 1947 272 2022 dimittet,
290 1963 374 2025 quam
389 1955 420 2006 ut
435 1947 498 2007 eius
515 1946 599 2007 nobis
614 1962 719 2024 magno
735 1948 874 2025 temporis
887 1946 1060 2008 detrimento
1076 1963 1145 2006 con·

97 2038 194 2093 statet
217 2032 455 2109 experimentum.
499 2029 559 2090 Sed
579 2046 637 2090 non
658 2031 794 2109 quidquid
821 2030 857 2091 ad
883 2029 1008 2108 aliquam
1033 2039 1146 2110 partem

140 2115 280 2175 scientiae
297 2116 439 2192 pertinet,
462 2115 592 2192 protinus
619 2113 654 2174 ad
677 2114 838 2175 faciendam
856 2114 942 2174 etiam
957 2113 1086 2192 pbrasin,
1108 2113 1145 2174 de

141 2215 196 2275 qua
215 2197 375 2276 loquimur,
392 2197 647 2258 accommodatum.

223 2280 331 2340 Verum
348 2291 500 2358 autequam
511 2281 547 2341 de
563 2282 685 2358 singulis
702 2283 816 2361 loquar,
832 2300 924 2362 pauca
940 2285 969 2343 in
980 2283 1146 2342 uuiversum

94 2364 175 2426 43de
192 2365 332 2424 varietate
351 2365 516 2443 opinionum
530 2365 652 2426 dmenda
669 2376 743 2426 sunt.
780 2365 852 2427 Nam
868 2365 981 2444 quidam
996 2365 1079 2426 solos
1094 2383 1145 2426 ve·

140 2457 218 2508 teres
236 2448 378 2526 legendos
394 2457 493 2527 putant
508 2466 604 2528 neque
618 2451 647 2509 in
665 2450 732 2510 ullis
745 2450 809 2510 aliis
826 2467 894 2510 esse
909 2449 1067 2510 naturalem
1082 2449 1145 2510 elo·

140 2535 284 2612 quentiam
302 2541 331 2593 et
343 2532 433 2592 robur
447 2533 516 2592 viris
532 2532 648 2610 dignum
658 2533 846 2603 arbitrantur;
861 2532 936 2594 alios
951 2548 1057 2593 recens
1071 2532 1145 2595 baec

140 2618 258 2679 lascivia
276 2617 459 2695 deliciaeque
481 2625 510 2676 et
534 2618 628 2677 omnia
650 2616 685 2677 ad
700 2617 878 2696 voluptatem
892 2616 1080 2677 multitudinis
1094 2618 1144 2676 im·
1181 2685 1185 2690 ¹

95 2704 251 2780 elperitae
274 2703 436 2781 composita
462 2700 619 2761 delectant.
653 2698 787 2780 lpsomm
809 2701 894 2762 etiam
911 2702 959 2780 qui
977 2709 1089 2761 rectum
1104 2698 1144 2760 di·

141 2784 224 2843 cendi
240 2803 333 2862 genus
349 2787 433 2864 sequi
449 2784 550 2845 volunt
566 2784 614 2844 alii
628 2802 731 2862 pressa
747 2785 858 2845 demum
876 2794 906 2846 et
917 2785 1013 2845 tenuia
1029 2792 1059 2844 et
1070 2800 1145 2862 quae

138 2868 281 2927 minimum
297 2868 401 2928 abusu
419 2869 564 2928 cotidiano
582 2868 736 2944 recedant,
758 2886 828 2930 sana
845 2878 875 2929 et
893 2887 964 2929 vere
979 2867 1077 2929 Attica
1092 2885 1144 2947 pu·

139 2958 213 3018 taut;
231 2952 370 3028 quosdam
386 2951 491 3012 elatior
508 2954 616 3029 ingenii
634 2953 679 3012 vis
697 2961 726 3012 et
738 2954 831 3030 magis
847 2954 991 3013 concitata
1007 2955 1037 3012 et
1057 2950 1145 3030 plena

139 3035 257 3110 spiritus
276 3035 367 3113 oapit;
384 3044 450 3094 suut
470 3037 555 3095 etiam
571 3035 645 3095 lenis
662 3044 692 3096 et
706 3036 787 3096 nitidi
800 3045 836 3096 et
852 3038 1006 3114 compositi
1026 3035 1144 3113 generis

139 3133 196 3177 uon
212 3120 298 3196 pauci
313 3127 466 3178 amatores.
498 3118 544 3179 lle
565 3137 622 3197 qua
634 3118 795 3179 differentia
809 3120 948 3181 disseram
965 3118 1143 3197 diligentins,

140 3220 204 3261 cum
220 3202 383 3280 degenere
400 3202 515 3262 dicendi
531 3202 726 3281 quaerendum
741 3205 805 3264 erit.
840 3202 957 3264 luterim
974 3203 1143 3278 summatim,

140 3287 208 3364 quid
227 3295 256 3347 et
272 3305 288 3346 a
306 3304 362 3364 qua
378 3286 506 3347 lectione
528 3296 631 3364 petere
648 3289 777 3366 possint,
798 3289 846 3366 qui
865 3289 1037 3349 confirmare
1052 3283 1144 3347 lacul-

96 3377 227 3432 estatem
243 3369 356 3431 dicendi
371 3369 486 3446 volent,
508 3371 654 3448 attingam.
692 3370 805 3431 Paucos
829 3373 904 3432 euim
920 3371 1002 3450 (sunt
1017 3370 1143 3432 emiuen-

139 3454 255 3535 tissimi)
274 3471 437 3534 excerpere
454 3455 483 3513 iu
503 3454 597 3515 animo
617 3464 672 3517 est·
702 3453 803 3516 Facile
820 3465 866 3516 est
878 3464 974 3517 autem
993 3453 1144 3531 studiosis,

85 3576 242 3632 A
