2376 3840
134 166 193 230 152
479 176 844 237 ns.snuqu1ur1u1mr1

88 333 206 399 urlalso
222 334 381 400 existimem
407 340 436 392 et
450 330 545 392 Pollio
564 340 594 392 et
605 331 732 393 Messala
747 328 939 393 defenderunt
955 335 1093 414 eosdem,
1108 345 1140 398 et

131 417 215 479 nohis
242 419 341 497 pueris
371 417 501 493 insignes
527 431 581 495 pro
608 414 759 477 Voluseno
785 413 890 476 Catulo
915 417 1034 478 Domitii
1062 419 1138 497 hiri,

131 501 226 581 Grlspi
241 501 388 576 Passieni
409 500 522 561 Decimi
543 499 633 560 Laelii
657 501 805 560 orationes
826 500 1003 562 ferebantur.
1035 502 1139 585 Neque

128 587 157 648 id
173 587 268 646 statim
283 585 394 662 legenti
408 601 579 662 persuasum
594 585 642 661 sit,
661 586 771 659 omnia,
793 602 868 662 quae
884 587 985 663 optimi
1002 597 1139 649 auctores

130 671 272 744 dixerint,
293 671 392 748 utique
418 685 486 728 esse
508 667 650 746 perlecta.
690 666 763 728 Nam
786 679 815 728 et
836 668 969 731 lahuntur
984 670 1139 749 aliquando

130 764 159 815 et
182 755 264 814 oneri
290 753 396 814 cedunt
416 760 448 812 et
469 751 650 852 indulgent
641 753 822 829 ingeniorum
845 769 962 812 suorum
983 754 1137 834 voluptati,

128 855 184 899 uec
200 854 316 915 semper
328 837 476 896 intendunt
498 831 619 896 animum
626 853 859 915 ‚nonuunquam
878 837 1051 914 fatigantur;
1076 859 1139 900 cum

130 919 265 984 Ciceroni
280 922 435 982 dormitare
452 921 565 981 iuterim
580 920 809 1019 Demosthenes,
829 919 955 982 lloratio
965 940 1038 981 vcro
1055 925 1140 984 etiam

85 1003 298 1069 tellumerus'
289 1022 354 1084 rpse
370 1005 512 1065 videatur.
547 1005 654 1064 Summi
673 1006 748 1064 euim
768 1014 850 1078 suut,
874 1003 1006 1064 homiues
1030 1015 1138 1083 tamen,

129 1089 293 1168 acciditque
315 1088 376 1165 his,
401 1088 466 1168 qui,
490 1088 628 1167 quidquid
644 1088 721 1166 apud
736 1087 805 1149 illos
821 1099 1006 1167 reperemnt,
1023 1091 1139 1152 dicendi

128 1173 225 1252 legem
240 1181 358 1252 putant,
380 1182 412 1232 ut
426 1174 574 1236 deteriora
595 1173 756 1250 imitentur,
779 1172 823 1250 (id
847 1174 922 1233 enlm
946 1183 992 1233 est
1007 1173 1138 1256 lucilius)

128 1275 163 1318 ac
178 1275 212 1318 se
227 1255 341 1318 abunde
358 1257 469 1317 similes
481 1264 592 1336 putent,
611 1258 636 1316 si
651 1259 719 1317 vitia
730 1272 900 1334 magnorum
912 1268 1138 1337 consequantur.

85 1339 262 1407 commeato
284 1351 380 1402 tamen
402 1349 431 1400 et
454 1340 668 1419 circumspecto
692 1340 799 1401 iudicio
821 1341 858 1401 de
879 1344 965 1402 tantis
984 1344 1054 1402 viris
1070 1359 1138 1423 pro·

127 1426 310 1487 nuntiandum
331 1433 391 1499 est,
413 1440 466 1499 ue,
489 1424 567 1502 quod
587 1424 740 1504 plerisque
763 1426 883 1501 accidit,
911 1426 1047 1487 damnent
1064 1445 1140 1506 quae

127 1524 185 1569 uon
199 1509 373 1586 intelligunt.
409 1506 454 1567 hc
469 1508 494 1568 sl
508 1524 636 1568 necesse
650 1516 696 1568 est
711 1510 740 1568 in
755 1509 877 1570 alteram
891 1527 992 1571 errare
1007 1520 1137 1590 partem:

127 1595 221 1654 omnia
237 1609 338 1653 eorum
356 1590 521 1670 legentibus
536 1592 658 1672 placere
673 1609 757 1671 quam
778 1594 866 1655 multa
881 1594 1057 1674 displicere,
1079 1613 1138 1657 ma·

127 1677 239 1738 luerim.

84 1773 118 1829 st
209 1760 363 1835 Plurimum
382 1760 452 1821 dicit
471 1762 580 1822 oratori
598 1761 734 1822 conferre
749 1760 966 1840 Theophrastus
982 1762 1140 1825 lectionem

127 1855 336 1925 poetarum,
362 1845 502 1925 multique
525 1847 588 1905 eius
610 1845 745 1906 iudicium
766 1854 940 1926 sequuntur3
967 1864 1065 1926 neque
1087 1849 1138 1908 lm·

126 1932 240 1991 merito.
275 1929 407 2010 Namque
430 1929 465 1990 ab
486 1930 531 1990 his
552 1930 581 1989 in
604 1928 691 1990 rehus
708 1930 826 2008 spiritus
844 1939 874 1990 et
890 1930 919 1990 iu
932 1929 1031 1991 verbis
1048 1930 1139 1992 subli-

126 2015 210 2075 mitas
226 2024 256 2075 et
270 2016 298 2074 in
310 2013 463 2075 affectibus
475 2022 571 2075 motus
583 2016 674 2074 omnis
686 2016 898 2093 etinpersonis
914 2013 1006 2076 decor
1017 2017 1136 2094 petitur,

126 2098 345 2178 praecipueque
373 2097 456 2158 velut
484 2099 579 2158 attrita
613 2098 757 2159 cotidiano
790 2107 856 2160 actu
884 2099 996 2160 lorensi
1021 2101 1138 2178 ingenia

127 2184 236 2261 optimc
259 2198 356 2242 rerum
371 2182 470 2242 talium
490 2181 631 2243 hlanditia
652 2190 833 2260 reparantur.
874 2182 1005 2262 ldeoquc
1028 2184 1056 2243 iu
1082 2184 1139 2244 hac

80 2265 255 2332 selectione
272 2263 378 2326 cicero
403 2264 646 2344 requiescendum
667 2274 757 2344 putat.
795 2264 1009 2328 hleminerlmus
1030 2277 1137 2344 tumen,

126 2365 184 2409 nou
200 2367 255 2428 per
275 2348 370 2409 omnia
386 2357 491 2427 poetas
513 2366 581 2409 esse
604 2351 713 2410 oratori
734 2351 901 2430 sequendos
922 2368 978 2412 nec
999 2351 1137 2413 libertate

125 2430 281 2494 verhomm
297 2450 353 2493 uec
376 2432 492 2493 licentia
510 2433 682 2510 ll'gurarum;
702 2452 796 2512 genus
814 2436 1000 2496 ostentationi
1018 2452 1137 2515 compa-

125 2525 218 2578 ratum
234 2527 263 2578 et
281 2526 401 2598 praeter
416 2516 461 2592 id,
491 2516 570 2596 quod
592 2517 685 2578 solam
713 2521 786 2597 petit
812 2519 993 2599 voluptatem
1015 2537 1137 2599 eamque

126 2602 211 2663 etiam
222 2603 359 2682 lingendo
372 2617 430 2662 non
446 2599 521 2662 falsa
531 2601 618 2663 modo
634 2602 785 2663 sedetiam
799 2603 940 2702 quaedam
956 2603 1138 2666 incredibilis

84 2696 270 2764 assectatur,
292 2687 455 2779 patrocinio
479 2696 597 2766 quoqne
617 2685 745 2765 aliqno'
736 2689 844 2748 ιιιιιί.
867 2687 945 2766 quod
966 2688 1085 2766 alligata
1101 2687 1137 2749 ud

127 2779 235 2831 certam
252 2766 358 2852 pedum
373 2771 579 2831 necessitatem
602 2787 660 2830 uon
681 2786 799 2850 semper
816 2772 857 2832 uti
877 2773 1005 2851 propriis
1028 2774 1135 2851 possit,

126 2852 178 2912 sed
194 2853 316 2933 depulsa
331 2865 413 2915 recta
428 2855 474 2915 via
492 2855 662 2917 necessario
686 2855 721 2916 ud
743 2854 900 2935 eloquendi
922 2855 1063 2935 qnuedam
1086 2857 1139 2917 dc·

125 2936 268 2997 verticula
281 2938 440 3016 confugiat,
456 2956 511 2999 nee
528 2948 639 3000 mutare
656 2940 797 3018 quaedam
809 2940 895 3000 modo
910 2939 1001 3001 verbu
1017 2939 1071 3000 sed
1086 2958 1136 3000 ex·

125 3019 263 3097 tendere,
283 3023 450 3102 corripere,
470 3032 661 3100 conuertere,
679 3023 809 3084 dividere
826 3033 964 3102 rogatum
985 3039 1040 3083 uos
1063 3042 1138 3085 vero

125 3114 250 3167 armatos
275 3107 386 3166 stare
376 3125 405 3166 m
428 3106 492 3167 acie
515 3117 544 3167 et
565 3109 681 3168 summis
704 3108 740 3168 de
761 3108 850 3169 rehus
871 3108 1034 3168 decernere
1051 3118 1081 3169 et
1098 3109 1134 3169 ad

81 3190 276 3258 sovictoriam
291 3191 351 3250 uiti.
380 3188 485 3269 Neque
506 3207 579 3268 ergo
605 3210 684 3254 arma
705 3192 843 3273 squalere
867 3193 923 3253 situ
945 3211 981 3253 ao
1001 3190 1136 3271 rubigine

124 3274 221 3352 velim,
236 3272 289 3334 sed
309 3273 480 3374 fulgorem·
471 3292 569 3335 messe
587 3276 635 3356 qui
649 3282 774 3353 terreat,
797 3276 891 3356 qualis
907 3284 953 3337 est
967 3277 1054 3355 ferri,
1076 3291 1134 3357 quc

123 3376 204 3419 meus
213 3359 335 3419 simul
307 3376 445 3461 visusque
458 3358 692 3438 praestringitum
705 3376 762 3420 nou
773 3361 870 3441 qualis
878 3359 1134 3442 nuncupatique,

124 3441 249 3541 imbellis
267 3445 406 3522 etpotius
422 3441 540 3503 habenti
555 3444 751 3523 periculosus.
