2408 3854
349 203 805 271 ruau.onuuon.u1u.v111,a.
1037 198 1078 260 49

78 359 238 422 communis
259 357 389 435 pluribus
409 359 438 416 in
458 375 515 416 uno
538 359 634 437 aliquo
658 357 745 418 babet
759 376 862 419 nomen
878 362 1027 438 eximium,
1050 370 1081 423 ut

76 460 195 504 carmen
215 441 338 502 funebre
359 444 477 518 proprie
500 444 613 503 naenia
633 451 663 501 et
685 442 900 503 tabernaculum
922 445 1003 504 ducis
1023 465 1080 508 ort·

74 528 199 608 parole.
240 524 328 600 ltern,
346 524 423 602 quod
438 541 588 585 commune
603 535 650 585 est
669 535 698 585 et
713 526 777 586 aliis
793 544 913 603 nomeu,
930 528 1080 589 intellectu

77 611 166 671 alicui
187 609 231 667 rei
246 607 433 688 peculiariter
449 608 597 684 tribuitur,
621 618 651 668 ut
664 610 770 670 urbem
785 609 904 670 Romam
922 614 1079 690 accipimus

76 702 108 755 et
120 692 248 755 uenales
261 693 392 751 novicios
409 699 438 750 et
456 689 614 754 Corinthio
634 709 718 762 aera;
747 712 810 754 cnm
828 696 884 754 sint
901 694 990 754 urbes
1006 695 1079 755 aliae

76 793 196 856 quoque
212 784 241 835 et
257 774 371 835 venalia
386 775 473 835 multa
489 784 519 835 et
534 785 590 835 tam
605 794 702 836 aurum
720 786 749 837 et
765 787 913 855 argeutum
929 796 1013 856 quam
1028 797 1079 839 aes

76 859 267 921 Corinthium.
311 859 369 920 Sed
384 877 420 919 ue
437 861 466 918 in
481 859 524 918 bis
543 860 656 937 quidem
672 862 763 920 virtus
780 863 904 921 oratoris
918 863 1078 940 inspicitur.

77 944 117 1005 m
131 943 203 1004 illud
218 944 273 1003 iam
287 959 345 1002 non
356 943 542 1003 mediocriter
556 943 749 1021 probandum,
763 945 841 1022 quod
855 944 912 1004 boc
923 947 1008 1005 etiam
1021 946 1109 1008 lau-9

76 1028 139 1088 dari
153 1026 240 1086 modo
256 1026 348 1102 solet,
365 1035 396 1085 ut
411 1029 529 1104 proprie
545 1027 664 1103 dictum,
681 1028 709 1087 id
726 1036 785 1103 est,
803 1046 860 1107 quo
875 1028 944 1088 nibil
960 1031 1080 1090 inveniri

76 1112 173 1192 possit
196 1110 498 1188 significantius:
525 1119 556 1169 ut
578 1107 650 1170 Cato
678 1110 764 1187 dixit,
793 1109 826 1175 C.
847 1110 1015 1174 Caesarem
1038 1115 1082 1174 od

75 1195 274 1258 euertendam
286 1213 352 1255 rem
364 1195 520 1271 practicam
535 1195 669 1256 sobrium
685 1196 875 1265 accessisse·
897 1204 927 1254 ut
941 1196 1080 1273 Virgilius

76 1280 244 1342 deductum
265 1295 407 1352 carmem,
428 1286 457 1336 et
472 1276 608 1337 Horatius
624 1297 729 1339 cerem
744 1280 849 1340 tibiam
863 1278 1079 1342 Hannibalem·

75 1379 137 1442 quc
152 1364 263 1424 dirum.
302 1361 334 1420 ln
349 1378 406 1439 quo
421 1361 507 1420 modo
526 1360 595 1420 illud
614 1379 730 1440 qnoque
746 1371 791 1422 est
808 1381 824 1423 a
841 1362 1008 1441 quibusdam
1023 1368 1120 1422 tra-lo

75 1447 166 1507 ditum
181 1446 292 1524 proprii
303 1463 395 1522 genus
413 1462 452 1503 ex
466 1446 608 1523 appositis
625 1445 768 1524 (epitheta
781 1447 945 1525 dicuntur):
962 1455 992 1506 ut
1002 1445 1080 1507 out·
1172 1508 1184 1533 ἱ

76 1532 124 1592 cie
138 1530 271 1590 mortiet
285 1527 361 1589 Cum
376 1529 516 1590 dentibus
532 1529 620 1590 albis.
663 1529 708 1589 De
727 1548 784 1609 quo
804 1548 915 1609 genere
936 1530 993 1591 alio
1011 1530 1078 1590 loco

75 1613 229 1675 dicendum
244 1621 298 1672 est.
341 1610 434 1671 Etiam
450 1629 524 1690 quae
542 1611 617 1671 bene
634 1613 772 1675 translata
787 1624 868 1690 sunt,
890 1615 1007 1693 propria
1022 1615 1079 1674 dici

76 1696 184 1757 solent.
221 1694 337 1755 interim
352 1704 462 1770 autem,
476 1713 553 1772 quae
568 1706 633 1755 sunt
646 1699 675 1756 in
690 1714 806 1776 quoque
818 1699 993 1776 praecipua,
1010 1701 1115 1776 pro-lt

75 1782 133 1860 prii
148 1780 243 1840 locum
255 1780 415 1857 accipiunt,
436 1788 466 1837 ut
481 1776 587 1838 Fabius
603 1782 677 1839 inter
691 1781 791 1858 plnres
807 1782 1005 1860 imperatorias
1021 1781 1078 1838 vir·

75 1873 155 1927 tutes
175 1861 342 1926 Cunctator
357 1871 402 1922 est
421 1862 595 1940 appellatus.

163 1947 287 2009 Possunt
308 1948 400 2007 videri
422 1945 528 2021 verba,
550 1964 624 2024 quae
643 1946 708 2024 plns
729 1946 891 2024 significant
911 1965 994 2025 quam
1016 1946 1078 2007 elo·

77 2043 218 2113 quantur,
243 2034 272 2091 in
293 2040 376 2110 parte
391 2029 526 2108 ponenda
544 2031 775 2108 perspicuitatis;
802 2029 981 2090 intellectum
1004 2031 1079 2090 enim

75 2117 221 2178 adiuvant.
263 2113 328 2192 Ego
348 2124 443 2174 tamen
459 2112 594 2174 libentius
617 2113 764 2192 emphasin
780 2113 927 2174 retulerim
943 2114 978 2175 ad
995 2131 1078 2174 orna·

76 2210 136 2262 tum
153 2201 309 2275 orationis,
331 2199 398 2277 quia
418 2214 494 2274 nou,
512 2204 543 2256 ut
557 2197 751 2276 intelligatur,
774 2197 879 2274 efficit,
897 2197 949 2258 sed
966 2198 1077 2276 utplus

75 2284 266 2361 intelligatur.

162 2367 201 2427 Αι
220 2366 436 2426 obscuritas
459 2366 490 2425 ttt
512 2366 708 2427 etiamverbis
724 2365 829 2426 abusu
849 2367 984 2425 remotis:
1006 2374 1036 2424 ut
1055 2364 1080 2423 si
1088 2371 1121 2425 12

76 2451 299 2513 commentarius
311 2452 375 2529 quis
390 2449 557 2528 pontificum
572 2458 602 2509 et
616 2450 808 2509 vetustissima
825 2449 945 2509 loedere
964 2457 993 2507 et
1008 2464 1079 2507 exo-

76 2535 155 2596 letos
174 2543 320 2596 scrutatus
342 2542 479 2594 auctores
501 2534 528 2594 id
551 2536 644 2612 ipsum
665 2541 745 2611 petat
769 2550 806 2591 ex
828 2531 887 2606 his,
918 2549 992 2609 quae
1013 2530 1079 2590 inde

76 2620 274 2695 contraxerit,
291 2616 369 2697 quod
383 2635 441 2677 uon
455 2617 662 2694 intelliguntur.
695 2615 768 2675 Hinc
784 2617 857 2674 enim
874 2614 963 2693 aliqui
977 2614 1079 2674 lamam

76 2703 247 2764 eruditionis
263 2701 416 2777 affectant,
438 2711 469 2761 ut
488 2700 628 2780 quaedam
647 2699 703 2759 soli
719 2700 795 2758 scire
816 2698 975 2758 videantur.
1015 2696 1122 2760 nat-1³

74 2787 138 2848 lunt
162 2789 247 2846 etiam
269 2784 359 2846 verba
373 2785 422 2845 vel
442 2785 611 2863 regionibus
632 2783 801 2862 quibusdam
821 2784 912 2860 magis
930 2781 1079 2842 familiaria

74 2870 124 2932 vel
140 2872 242 2931 artium
257 2871 392 2948 propria,
408 2879 438 2929 ut
453 2867 721 2932 Atabuluo‘veutus
737 2875 767 2926 et
786 2869 866 2927 navis
887 2869 1034 2928 succerio
1050 2873 1079 2924 et

74 2957 104 3015 in
121 2954 197 3015 malo
221 2951 384 3015 Cosanum.
424 2952 505 3026 Quae
520 2951 570 3012 vel
587 2951 701 3011 vitanda
716 2951 791 3030 apud
812 2950 935 3011 iudicem
951 2951 1080 3028 ignarum

75 3038 317 3117 significationum
339 3055 437 3097 earum
462 3036 510 3098 vel
532 3035 746 3115 interpretanda
772 3044 852 3111 sunt,
879 3037 953 3094 sicut
973 3036 1002 3093 in
1023 3033 1078 3110 his,

76 3141 152 3203 qnae
170 3122 383 3197 homonyma
398 3130 553 3181 vocantur:
575 3129 623 3196 ut,
643 3119 765 3181 Taurus
779 3119 880 3180 animal
896 3120 932 3178 sit
947 3137 983 3178 au
997 3134 1079 3178 mons

74 3225 112 3268 au
128 3208 240 3284 siguum
257 3207 286 3265 in
306 3205 391 3265 coelo
410 3223 445 3265 au
463 3222 567 3265 nomen
582 3203 703 3263 hominis
721 3221 757 3263 au
778 3203 860 3263 radix
875 3203 1004 3279 arboris,
1025 3200 1081 3263 nisi

74 3292 240 3354 distinctum
257 3306 315 3349 nou
333 3288 521 3367 intelligetur.

160 3373 229 3435 Plus
244 3382 339 3433 tamen
362 3382 407 3432 est
423 3371 608 3434 obscuritatis
622 3373 651 3431 iu
667 3380 804 3433 contextu
822 3379 851 3430 et
867 3369 1123 3432 continuatiouelt

74 3459 218 3520 sermonis
234 3466 264 3517 et
280 3457 381 3535 plures
395 3457 481 3519 modi.
528 3456 625 3530 Quare
638 3474 694 3515 uec
710 3456 746 3515 sit
760 3464 816 3514 tam
831 3454 951 3530 longus,
969 3462 1000 3511 ut
1014 3470 1079 3512 aum

100 3546 102 3550 ’
116 3562 147 3601 u.
159 3563 183 3601 r.
197 3561 308 3610 oumru.
325 3546 358 3600 ll.
901 3539 923 3597 b
