2408 3854
327 190 417 239 msu.
430 189 580 239 onsuon.
593 190 799 256 urs.x11,1o·
1025 177 1085 239 271

73 344 289 406 Demosthenes
305 346 380 407 male
397 346 440 405 sio
457 347 587 423 egisset,
611 354 640 405 ut
656 348 789 425 scripsit,
815 356 864 407 aut
879 343 1008 406 Cicero?
1037 355 1087 406 aut

75 446 128 489 eos
151 431 416 508 praestantissimos
441 439 575 490 oratores
591 429 648 492 alia
670 448 704 490 re
726 448 812 510 quam
837 431 953 509 scriptis
973 447 1086 507 cogno·

74 511 204 573 scimus?
235 512 339 574 Melius
357 522 481 591 egerunt
497 515 586 590 igitur
602 531 638 573 sn
654 511 762 593 pelusi
793 513 866 575 Nam
882 516 907 574 si
922 516 1023 593 peius:
1041 515 1086 574 sic

74 599 172 676 potins
192 599 320 676 oportuit
342 597 415 673 dici,
437 605 468 656 ut
483 599 681 675 scripsemot;
708 599 733 658 si
751 598 870 659 melius:
894 600 938 658 sio
956 599 1086 677 oportuit

75 681 180 757 scribi,
196 691 226 741 ut
241 681 384 741 dixerunt.
417 679 492 754 Quid
509 679 603 758 ergo?
632 681 757 761 Semper
773 684 816 743 sic
831 692 901 761 aget
917 691 1032 757 orator,
1055 691 1128 748 utss

75 763 205 825 soribet‘l
242 767 273 825 Si
300 764 417 840 licebit,
447 783 574 843 semper.
616 763 728 838 Quodsi
756 768 914 846 impediant
940 766 1084 826 brevitate

75 858 207 928 tempora
225 849 353 910 a'iudice
370 849 451 910 data:
468 849 586 909 multum
602 867 640 910 cx
656 868 711 928 eo,
739 851 816 931 quod
832 851 925 930 potuit
941 850 1015 926 dici,
1038 867 1084 909 re·

76 933 203 1002 cidetur;
227 933 315 993 editio
332 932 452 993 habebit
467 934 571 993 omnia.
610 932 760 1007 Quaedam
778 938 938 997 secundum
954 944 1085 995 naturam

75 1016 258 1077 iudicantium
273 1018 350 1078 diota
366 1026 441 1093 sunt,
457 1035 514 1078 non
531 1019 570 1078 ita
585 1020 713 1096 posteris
729 1019 896 1095 tradentur,
913 1038 950 1079 ne
966 1018 1085 1079 videan-

74 1111 120 1161 tur
137 1103 281 1180 propositi
297 1101 388 1161 fuisse
405 1118 463 1161 uon
478 1103 630 1180 temporis.
661 1100 734 1163 Nam
750 1104 778 1163 id
795 1121 914 1183 quoque
930 1102 1085 1181 plurimum
1092 1112 1127 1167 56

74 1186 181 1262 refert,
201 1185 347 1265 quomodo
363 1186 462 1247 audire
478 1184 566 1246 iudex
581 1185 668 1261 velit,
694 1195 781 1266 atque
797 1189 861 1246 eius
876 1186 973 1252 vultus
991 1202 1084 1264 saepe

74 1272 139 1349 ipse
161 1280 260 1330 rector
282 1279 327 1330 est
351 1270 490 1346 dicentis,
517 1278 549 1330 ut
571 1267 852 1349 ciceropraeotpit:
889 1269 1021 1349 ldeoque
1043 1271 1084 1328 in·

75 1354 205 1415 standum
224 1356 277 1430 iis,
301 1372 377 1433 quae
399 1355 521 1433 placere
542 1353 743 1431 intellexeris,
769 1355 958 1415 resiliendum
980 1353 1083 1429 abiis,

75 1456 149 1517 quae
175 1456 233 1497 non
259 1440 447 1516 recipientur
482 1440 585 1499 Sermo
609 1439 690 1518 ipse,
721 1441 769 1517 qni
794 1439 933 1499 facillime
959 1437 1085 1498 iudicem

75 1523 190 1597 doceat,
207 1521 360 1599 optandus
390 1521 454 1583 Nec
470 1523 498 1583 id
513 1525 613 1583 mirum
627 1524 680 1598 sit,
700 1541 764 1583 cum
780 1525 866 1584 etiam
885 1522 1001 1583 testium
1016 1539 1083 1601 per·

75 1607 154 1665 sonis
177 1606 274 1684 aliqua
298 1614 450 1666 mutentur.
490 1606 652 1667 Prudenter
675 1608 766 1682 enim,
796 1610 844 1686 qui
873 1625 937 1668 cum
959 1608 1083 1666 interro·
1092 1612 1127 1668 st

74 1699 175 1766 gasset
192 1692 330 1749 rusticum
347 1699 468 1765 testem,
487 1708 523 1751 au
538 1685 736 1770 Amphionem
752 1700 855 1750 nosset
863 1699 1015 1788 ,pegante
1030 1705 1082 1788 eo,

75 1773 199 1833 detraxit
225 1775 432 1852 aspirationem
458 1773 660 1852 breviavitque
687 1774 844 1834 secundam
871 1775 934 1833 eius
960 1773 1083 1832 nominis

75 1856 234 1934 syllabam,
262 1866 292 1917 et
317 1858 367 1918 ille
394 1876 459 1918 eum
482 1858 526 1917 sic
549 1860 658 1936 optime
679 1866 773 1917 norat.
805 1856 975 1917 Huiusmodi
997 1871 1083 1915 casus

75 1943 221 2017 afliciunt,
245 1941 445 2021 utaliquando
461 1941 574 2002 dicatur
590 1942 675 2002 aliter
690 1959 775 2020 mam
792 1940 943 2017 scribitur,
961 1958 1026 2000 cum
1042 1938 1083 1998 di·

76 2045 161 2101 aere,
178 2025 324 2104 quomodo
341 2025 525 2085 scribendum
541 2034 604 2101 est,
620 2042 677 2085 non
693 2025 773 2085 licet.

160 2109 264 2170 Altera
281 2119 326 2169 est
342 2111 462 2184 divisio,
484 2127 560 2189 quae
578 2111 608 2168 in
630 2119 689 2170 tres
706 2118 807 2187 partes
824 2110 877 2169 et
868 2126 932 2187 rpsa
949 2107 1084 2182 discedit,
1094 2121 1129 2176 53

76 2213 131 2275 qua
149 2194 275 2255 discerni
297 2210 389 2273 posse
413 2195 498 2254 etiam
520 2203 602 2254 recte
630 2194 744 2254 dicendi
765 2212 876 2294 genera
899 2193 974 2252 inter
989 2209 1022 2251 se
1042 2193 1083 2250 vi·

75 2280 187 2340 dentur
219 2277 351 2357 Namque
367 2296 453 2338 unum
469 2277 635 2354 subtile,
660 2277 739 2358 quod
748 2269 858 2380 ioppdv
870 2285 993 2352 vocant,
1011 2276 1084 2335 alte·

75 2382 137 2423 rum
152 2366 293 2440 grande
310 2372 396 2442 atque
413 2361 620 2438 robustum,
645 2362 723 2441 quod
739 2353 835 2443 ἁδρὸν
851 2361 958 2437 dicunt,
976 2360 1084 2421 consti·

75 2455 171 2514 tnunt;
189 2449 305 2507 tertium
320 2446 369 2507 alii
383 2446 535 2506 medium
547 2464 589 2506 ex
604 2446 716 2506 duobus
733 2446 782 2507 alii
798 2445 974 2505 floridum
991 2444 1085 2523 (nam-

76 2549 133 2609 que
154 2529 183 2589 ld
207 2521 346 2610 ἀνθηρὸν
367 2529 531 2608 appellant)
556 2529 736 2590 addiderunt.
774 2528 904 2602 Quorum
928 2537 1024 2588 tamen
1050 2543 1128 2598 ea59

76 2614 139 2674 iere
154 2615 227 2673 ratio
244 2623 306 2688 est,
331 2622 362 2672 ut
376 2615 498 2692 primum
514 2613 656 2688 docendi,
682 2612 841 2673 secundum
857 2611 1009 2688 movendi,
1026 2620 1084 2670 ter·

76 2700 145 2757 tium
172 2697 244 2758 illud
271 2705 454 2775 utrocunque
479 2698 595 2756 nomine
624 2696 789 2757 delectandi
820 2696 883 2755 sive
910 2694 1086 2757 conciliandi

77 2792 229 2861 praestare
250 2781 383 2843 videatur
406 2781 549 2848 officium:
571 2781 600 2840 in
623 2780 756 2841 docendo
779 2787 875 2841 autem
897 2797 1035 2856 acumen,
1057 2780 1086 2837 in

77 2866 260 2928 conciliando
283 2866 404 2941 lenitas,
427 2867 456 2925 ln
475 2864 619 2924 movendo
641 2866 685 2924 vis
707 2865 786 2941 exigi
809 2863 951 2924 videatur.
982 2862 1085 2942 ltaque

76 2951 129 3011 illo
151 2951 248 3011 subtili
269 2951 429 3029 praecipue
450 2950 525 3010 ratio
550 2949 683 3010 narrandi
706 2947 909 3029 probandique
931 2949 1084 3022 consistet,

77 3034 130 3094 sed
154 3035 338 3113 quodetiam
360 3034 499 3095 detractis
521 3035 629 3094 ceteris
651 3031 805 3093 virtutibus
823 3050 877 3092 suo
893 3049 1006 3110 genere
1022 3031 1084 3109 ple-

77 3136 153 3177 num
185 3117 297 3179 bledius
313 3119 360 3179 hic
375 3118 478 3179 modus
495 3125 524 3178 et
538 3116 775 3178 translationibus
792 3116 925 3178 crebrior
940 3125 969 3176 et
985 3115 1128 3192 liguristio

79 3203 134 3261 erit
149 3203 318 3279 iucundior,
344 3201 564 3281 egressionibus
580 3217 734 3279 amoenus,
759 3202 972 3280 compositione
988 3206 1084 3276 aptus,
1149 3198 1153 3212 “

78 3288 229 3346 sententiis
247 3286 359 3361 dulcis,
385 3286 480 3347 lenior
501 3295 596 3347 tamen
617 3295 649 3346 nt
665 3287 755 3347 amnis
771 3284 883 3345 lucidus
900 3281 1017 3363 quidem
1032 3280 1085 3341 sed

78 3370 237 3430 virentibus
260 3373 394 3448 utrinque
416 3370 537 3450 sepibus
561 3369 746 3431 inumbratos
784 3369 822 3427 At
845 3367 912 3442 ille,
942 3368 991 3446 qni
1016 3374 1123 3428 sarad]

80 3454 219 3515 devolvat
235 3464 265 3514 et
276 3463 398 3533 pontem
412 3455 590 3534 iadipnetur
605 3463 635 3513 et
649 3455 728 3533 ripas
744 3451 798 3511 sibi
814 3450 1050 3527 mummolam
1062 3460 1099 3501 ex
