2408 3854
327 155 800 224 rnsu.onnuon.nre.x11,ro.
1011 145 1072 208 263

67 313 144 375 aliud
158 315 187 373 in
201 313 259 374 alio
274 314 366 390 magis
384 313 506 388 eminet,
524 311 577 372 sed
595 313 671 391 quod
688 329 746 372 non
759 330 815 373 una
831 313 963 374 omnibus
978 313 1072 374 iorma

66 399 192 476 placuit,
218 398 321 475 partim
337 395 508 456 eondieione
523 396 573 457 vel
589 405 751 474 temporum
768 397 818 456 vel
833 397 982 474 louorum,
1005 415 1072 476 par-

65 484 115 542 tim
136 480 242 542 iudieio
265 481 406 559 cuiusque
431 489 519 560 etque
536 482 702 559 proposito.
735 481 836 557 Primi,
862 497 985 560 quornm
1008 484 1098 560 qui-3

66 567 130 626 dem
152 582 244 644 opera
265 581 324 624 non
345 564 499 624 vetustatis
523 565 610 628 modo
632 566 726 643 gratia
745 566 867 626 visenda
889 574 970 642 sunt,
1000 567 1072 627 olari

64 653 237 728 pistores
254 648 346 708 ruisse
358 646 490 708 dieuntnr
503 647 684 727 Polygnotus
695 658 782 728 atque
794 647 982 733 Aglaophon,
1000 668 1072 731 quo·

64 752 126 793 rum
147 732 273 811 simplex
294 730 379 792 oolor
399 740 456 793 tam
479 732 523 791 sui
548 732 695 794 studiosos
717 733 811 795 adhue
832 733 936 811 hahet,
970 744 1002 795 ut
1021 735 1072 797 illa

64 834 159 897 prope
180 816 262 877 rudia
282 833 317 876 ao
338 815 419 876 velut
439 815 552 876 futurae
574 834 642 877 mox
659 818 729 878 artis
750 819 908 896 primordia
928 821 1071 896 maximis,

44 901 113 979 xqui
130 910 197 980 post
214 917 267 960 eos
284 900 457 976 extiterunt,
474 901 641 961 auotorihus
658 901 842 981 praeferant,
861 905 982 982 proprio
999 920 1070 984 quo-

64 985 128 1046 dam
150 984 349 1063 intelligendi‚
376 992 407 1044 ut
426 1002 490 1045 mea
512 986 611 1063 opinio
627 985 699 1062 lert,
725 985 843 1046 ambitu.
874 987 945 1047 Post
962 987 1098 1052 hanniel

64 1077 152 1147 atque
173 1069 342 1130 Parrhasius
362 1085 421 1128 non
439 1068 557 1129 multum
583 1076 680 1130 aetate
701 1069 856 1148 distantes,
884 1073 962 1132 eirea
985 1071 1071 1132 Pelo·

62 1154 206 1232 ponnesia
226 1152 310 1213 amho
331 1162 464 1232 tempora
489 1152 569 1232 (nam
591 1171 656 1214 oum
676 1153 829 1215 Parrhasio
850 1171 947 1216 sermo
966 1156 1072 1216 Soora·

62 1240 99 1298 tis
115 1236 191 1316 apud
208 1235 434 1316 Xenophontem
456 1238 626 1318 invenitur)·
639 1237 791 1318 plurimum
814 1241 868 1299 arti
889 1238 1070 1300 addiderunt.

65 1320 193 1394 Quorum
208 1323 289 1401 prior
303 1321 438 1383 luminum
455 1321 678 1401 umbrarumque
695 1323 842 1383 invenisse
857 1324 1009 1399 rationem,
1025 1321 1072 1384 se·
1135 1400 1137 1406 y

65 1405 173 1466 enudus
201 1407 383 1467 examinasse
408 1405 542 1467 subtilius
569 1406 662 1468 lineas
690 1406 821 1467 traditur.
867 1405 939 1468 Nam
964 1406 1100 1469 zeuxius

64 1489 130 1567 plus
146 1488 282 1550 memhris
298 1491 432 1569 eorporis
448 1489 546 1566 dedit,
572 1489 601 1550 id
617 1491 740 1571 amplius
757 1493 850 1572 atque
861 1492 1011 1571 augustius
1026 1509 1072 1552 ra·

64 1582 109 1633 tus
127 1583 231 1651 atque,
249 1582 280 1633 ut
296 1575 475 1650 existimant,
496 1572 653 1635 Homerum
668 1583 804 1653 seeutus,
828 1576 874 1637 oui
893 1576 1072 1638 validissima

63 1674 199 1737 quaeque
213 1657 307 1719 forma
324 1660 409 1718 etiam
426 1659 455 1718 in
469 1657 584 1719 feminis
599 1657 707 1736 plaeet.
737 1657 792 1720 Ille
808 1678 881 1721 vero
897 1661 937 1721 ita
950 1661 1072 1721 oireunr·

64 1743 182 1821 scripsit
200 1744 312 1817 omnia,
336 1751 366 1801 ut
381 1759 447 1801 oum
462 1741 562 1819 legum
577 1741 699 1801 latorem
714 1751 837 1820 vocent,
865 1746 932 1823 quia
951 1743 1071 1805 deorum

63 1835 150 1903 atque
172 1825 293 1885 heroum
315 1824 449 1904 effigies,
478 1825 582 1905 quales
600 1825 636 1886 ah
659 1842 696 1886 eo
720 1835 785 1887 sunt
806 1827 946 1903 traditae,
967 1830 1070 1903 oeteri,

63 1919 198 1987 tanquam
213 1910 252 1969 ita
267 1926 394 1969 neeesse
409 1910 456 1985 sit,
475 1918 645 1988 sequuntur.
677 1908 790 1970 Floruit
805 1920 901 1973 autem
917 1913 996 1972 eirea
1006 1912 1100 1979 Phi-6

62 1992 172 2071 lippum
191 2002 220 2052 et
235 2011 329 2072 usque
345 1993 381 2054 ad
396 2010 589 2054 successores
604 1993 765 2056 Alexandri
782 1997 896 2074 pietura
911 1994 1071 2075 praecipue

62 2076 115 2137 sed
131 2077 256 2138 diversis
271 2077 433 2138 virtutihus.
466 2075 539 2140 Nam
557 2097 627 2139 eura
641 2079 842 2157 Protogenes,
860 2080 974 2140 ratione
989 2079 1070 2142 Paru-

62 2160 159 2239 philus
176 2180 211 2223 ao
227 2159 418 2238 Melanthius,
442 2161 583 2225 facilitate
600 2161 783 2242 Antiphilus,
807 2163 1008 2243 concipiendis
1028 2167 1070 2226 ri·

62 2245 208 2324 sionibus,
227 2264 299 2325 quas
317 2244 481 2324 φαντασίας
495 2255 620 2324 vorant,
637 2247 739 2308 Theon
754 2248 883 2323 Samius,
905 2248 1022 2326 ingenio
1041 2258 1071 2310 et

61 2332 173 2409 gratia,
198 2349 284 2412 quam
309 2332 338 2391 in
354 2350 388 2392 se
406 2331 472 2410 ipse
492 2333 615 2394 maxime
636 2333 743 2409 iaetat,
768 2330 902 2411 Apelles
917 2341 964 2393 est
986 2351 1069 2413 prae·

62 2416 265 2476 stantissimns.
295 2413 518 2495 Euphranorem
533 2416 730 2478 admirandum
744 2415 830 2494 iaeit,
848 2416 927 2498 qnod
944 2426 973 2478 et
989 2426 1069 2478 oete·

61 2500 101 2556 ris
127 2500 244 2576 optimis
262 2498 365 2560 studiis
387 2501 463 2560 inter·
476 2503 654 2580 praecipuos
675 2510 704 2561 et
721 2501 859 2579 pingendi
883 2498 1069 2580 fingendique

63 2580 138 2640 idem
155 2583 244 2642 mirus
259 2583 366 2643 artifex
380 2583 443 2643 fuit.

149 2665 257 2726 Similis
279 2667 308 2726 in
336 2667 474 2727 statuis
505 2666 677 2728 differentia.
720 2666 792 2728 Nam
815 2667 932 2728 duuora
959 2675 990 2727 et
1013 2666 1097 2730 'du-i

63 2751 188 2809 seanieis
210 2751 344 2829 proxima
367 2747 471 2810 Callon
493 2759 580 2831 atque
601 2750 762 2829 Hegesias,
786 2753 843 2813 iam
864 2753 956 2827 minus
977 2751 1071 2837 rigida

62 2829 205 2910 Calamis,
230 2833 366 2894 molliora
385 2832 480 2895 adhue
499 2852 588 2914 supra
605 2835 690 2896 dietis
704 2833 808 2912 Myron
825 2835 905 2898 feeit.
938 2834 1068 2919 Diligen-

61 2917 101 2975 tia
117 2918 261 2978 ao'deeor
275 2919 304 2979 iu
318 2917 471 2994 Polycleto
487 2935 576 2997 snpra
588 2927 717 2994 eeteros,
735 2921 782 2979 eui
798 2937 961 3001 quanquam
975 2937 992 2981 a
1005 2919 1071 3001 ple·

62 3000 162 3081 risque
182 3001 317 3063 tribuitur
337 3001 452 3081 palma,
477 3011 590 3078 tamen,
613 3021 650 3064 oe
665 3002 736 3065 nihil
752 3002 935 3081 detrahatur,
961 3000 1069 3066 deesse

62 3085 175 3163 pondus
197 3095 307 3165 putant.
339 3085 413 3147 Nam
426 3095 458 3147 ut
472 3087 614 3148 humanae
638 3086 750 3148 formae
763 3088 903 3150 deeorem
924 3086 1097 3152 addiderit8

61 3185 148 3246 supra
164 3178 281 3247 verum,
303 3172 342 3231 ita
357 3188 426 3261 neq
438 3171 607 3250 explevisse
622 3171 743 3233 deorum
766 3174 968 3235 austeritatem
987 3173 1068 3234 ride·

60 3260 116 3311 tur.
153 3252 229 3327 Quin
249 3262 373 3316 aetatem
390 3272 509 3335 quoqne
523 3257 690 3336 graviorem
705 3257 810 3318 dieitur
832 3257 980 3334 refugisse
994 3254 1068 3316 'nihil

60 3353 147 3396 ausus
158 3337 234 3398 ultra
246 3338 329 3399 leves
343 3356 446 3418 genas.
469 3340 509 3400 At
520 3340 757 3419 quaePolyoleto
768 3340 933 3416 doluerunt,
949 3336 1068 3402 Phidiae

59 3429 146 3498 atque
162 3421 314 3483 Aleameni
333 3423 444 3484 dantur.
481 3423 596 3485 Phidias
611 3432 707 3485 tamen
727 3424 782 3485 diis
797 3441 883 3503 quarn
904 3421 1101 3484 hominihus‘t
