2408 3854
135 209 176 272 78
449 219 812 280 mensurnorum

134 379 231 457 gladio
251 379 387 457 ferrum,
412 377 451 435 ita
473 391 531 434 non
552 390 605 452 pro
628 390 705 452 equo
726 375 979 453 quadrupedem..
1011 374 1140 440 Maxime

135 472 228 524 antem
250 463 279 521 in
301 460 411 520 orendo
431 457 539 519 valebit
565 475 747 518 numerorum
769 457 821 518 illa
839 457 970 523 libertas.
1011 457 1086 521 Nam
1110 470 1141 523 et
1184 462 1187 468 '

132 545 228 606 Livius
245 562 335 622 saepe
353 546 396 603 sic
412 543 495 602 dicit:
513 541 669 603 Romanus
684 542 802 621 proelio
818 543 931 619 uictor,
950 560 1013 602 cum
1031 542 1138 607 Roma·

134 647 187 690 nos
204 631 312 689 vicisse
336 626 492 704 significan
519 634 548 685 et
570 634 670 685 contra
687 623 792 685 cicero
808 625 843 688 ad
859 625 991 701 Brutum,
1009 625 1139 707 Populog

133 715 239 792 inquit,
261 713 459 789 imposuimus
473 718 501 772 et
517 717 657 772 oratores
671 711 864 786 cisi-sumus,
890 728 953 771 cum
973 711 1009 772 de
1027 730 1061 772 εε
1077 720 1138 773 tan·

92 804 190 862 artum
207 797 384 873 loqueretur.
421 792 506 867 Quod
521 811 613 871 genus
628 809 685 853 non
702 795 849 853 orationes
864 795 950 857 modo
968 804 1062 872 ornat,
1086 797 1139 858 sed

134 883 219 940 etiam
242 878 378 939 cotidiani
402 878 543 937 sermonis
564 896 633 936 usus
653 878 767 955 recipit.
810 875 931 951 Quidam
956 870 1140 960 suusudops‘pu

133 972 239 1024 vocant
256 971 301 1039 et,
319 981 383 1022 curn
398 960 426 1021 id
441 962 470 1020 in
484 969 621 1021 contextu
637 961 793 1037 sermonis,
813 960 890 1039 quod
905 969 1034 1038 tacetur,
1060 966 1138 1025 aeci·

134 1049 242 1125 pimus;
268 1045 388 1106 verbum
404 1046 479 1105 enim
496 1062 534 1104 ex
549 1043 646 1104 verbis
662 1043 802 1121 intelligi,
823 1045 900 1123 quod
920 1046 996 1105 inter
1010 1047 1079 1107 vitia
1096 1048 1139 1109 sl·

132 1131 242 1210 lipsis
262 1140 398 1190 vocatur:

397 1211 542 1275 Arcades
562 1214 606 1274 ud
624 1220 733 1290 portus
754 1231 855 1274 ruere.

90 1297 199 1364 mmihi
221 1297 295 1359 banc
322 1298 442 1375 liguram
465 1313 533 1356 esse
559 1297 650 1373 magis
673 1294 785 1374 placct;
808 1294 868 1356 illic
893 1311 966 1373 erpo
987 1296 1137 1361 reddetur.

133 1382 219 1443 Aliud
236 1383 321 1442 etiam
336 1380 506 1458 intelligitur
523 1398 561 1441 ex
577 1380 653 1440 alio:

216 1462 347 1544 Aspice,
370 1472 483 1525 urutru
498 1465 569 1543 lupo
590 1465 729 1544 referunt
748 1483 900 1543 suspeuso
919 1465 1052 1540 iuvenci,
1070 1523 1073 1527 ,

132 1550 208 1609 unde
231 1558 353 1627 apparet
372 1556 488 1607 noctem
510 1550 754 1626 appropinquare.
799 1546 832 1608 ld
855 1548 956 1608 nescio
973 1565 1008 1607 an
1028 1548 1140 1609 oratori

134 1634 287 1693 conveniat
306 1634 360 1692 nisi
382 1634 411 1691 in
434 1631 677 1710 argumentando,
698 1651 761 1691 cunr
785 1632 827 1691 rei
844 1633 957 1709 signum
977 1641 1032 1692 εει.
1079 1631 1140 1694 Sed

133 1717 190 1776 boc
208 1717 243 1776 ab
266 1717 440 1776 elocutionis
457 1717 569 1776 ratione
589 1716 684 1776 distat.

90 1810 125 1866 ua
217 1799 280 1861 Nec
296 1799 451 1880 proculab
467 1799 525 1860 boc
540 1817 651 1877 genere
669 1799 792 1862 discedit
806 1799 1038 1876 μετωνυμίε,
1063 1818 1140 1878 quae

54 1881 56 1886 ’
134 1895 179 1946 εει
194 1887 315 1944 nominis
332 1901 385 1962 pro
401 1886 515 1944 nomine
532 1885 648 1963 positio.
685 1882 772 1944 Cuius
784 1885 828 1942 vis
841 1891 902 1957 est,
919 1899 973 1961 pro
989 1898 1043 1960 eo,
1060 1882 1140 1962 quod

134 1970 254 2045 dicitur,
277 1986 409 2044 causam,
434 1977 555 2048 propter
570 1986 655 2047 quam
670 1968 790 2044 dicitur,
803 1983 935 2046 ,ponere;
960 1967 1030 2044 sed,
1053 1968 1141 2028 nteit

134 2051 256 2128 Cicero,
275 2042 450 2130 ὑπαλλαγὴν
473 2051 608 2112 rhetores
630 2051 735 2111 dicunt.
781 2050 861 2113 llaec
884 2052 1015 2111 inventas
1037 2051 1073 2112 ab
1096 2051 1138 2112 in·

132 2145 254 2196 venture
279 2145 308 2195 et
325 2135 471 2195 subiectas
487 2154 535 2194 res
553 2135 589 2196 ab
608 2134 803 2196 obtinentibus
819 2135 977 2213 significat:
1000 2144 1030 2196 ut
1047 2133 1139 2197 Cere-

132 2238 197 2281 rem
214 2227 392 2297 corruptum
402 2219 510 2294 undis,
533 2227 563 2277 ει

731 2314 943 2382 --receptus

262 2383 362 2446 l'erru
379 2383 540 2464 Neptunus
562 2386 679 2448 classes
692 2383 893 2465 Aquilonibus
913 2395 1011 2450 arcet.

89 2480 124 2534 ul
132 2469 218 2544 Quod
238 2469 270 2530 llt
291 2478 451 2529 retrorsum
472 2470 580 2530 durius.
617 2469 720 2530 Refert
744 2480 854 2546 autem,
882 2472 911 2530 in
932 2479 1067 2549 quantum
1088 2468 1139 2531 hie

132 2563 233 2633 tropus
245 2562 391 2614 oratorem
404 2563 552 2632 sequatur.
584 2553 656 2615 Num
667 2563 697 2614 ut
712 2552 882 2617 Vulcanum
897 2571 951 2634 pro
967 2557 1034 2632 igne
1047 2552 1139 2631 vulgo

132 2639 277 2715 andimus,
301 2648 331 2699 et
354 2641 444 2701 curio
459 2635 560 2700 Morte
573 2646 742 2717 pupuutuue
763 2639 891 2699 eruditus
911 2647 956 2698 εει
972 2654 1085 2713 sermo,
1111 2644 1142 2699 et

137 2719 282 2785 Venerem
299 2741 384 2803 quam
400 2723 506 2783 coitum
528 2722 637 2782 dixisse
656 2724 747 2800 magis
769 2723 869 2784 decet:
896 2722 935 2783 ita
950 2721 1094 2785 Liberum
1111 2728 1141 2781 et

134 2803 274 2869 Cererem
289 2823 344 2885 pro
362 2808 429 2866 vino
447 2815 476 2865 et
497 2824 572 2885 pane
595 2805 746 2882 licentius,
769 2825 853 2885 quam
870 2814 900 2866 ut
918 2807 973 2867 lori
995 2806 1141 2866 severitas

133 2888 217 2951 leret.
260 2890 341 2950 Sicut
356 2908 394 2950 ex
410 2907 463 2965 eo,
487 2891 564 2968 quod
580 2891 756 2966 continetur,
776 2909 845 2950 usus
861 2892 966 2970 recipit
983 2891 1061 2953 boue
1075 2907 1140 2950 mo·

91 2984 220 3044 uerutus
234 2976 330 3036 urbes
349 2983 379 3034 ει
398 2977 541 3052 poculum
561 2982 680 3052 epotum
698 2983 727 3033 et
746 2975 900 3037 saeculum
913 2975 1001 3054 fellu.
1045 2972 1084 3035 At
1099 2970 1140 3048 id,

135 3058 212 3136 quod
230 3067 331 3118 contra
347 3067 408 3134 est,
428 3074 494 3117 raro
514 3057 619 3118 audeat
633 3060 713 3137 quis,
729 3060 783 3118 nisi
799 3067 903 3138 poeta·

335 3176 378 3188 -
396 3144 458 3204 tum
471 3144 632 3222 prosimus
647 3145 738 3205 ardet
757 3141 921 3222 Uculeqou.

134 3225 198 3286 lttsi
213 3227 289 3286 sorte
304 3226 362 3287 boc
377 3227 473 3304 potius
490 3235 551 3304 εει,
571 3245 587 3288 a
602 3243 795 3306 possessore,
812 3227 890 3307 quod
907 3226 1090 3306 possidetur,
1109 3231 1142 3284 ut

135 3311 282 3372 bominem
307 3312 468 3388 decorum,
498 3312 579 3372 cuius
604 3312 803 3390 patrimonium
834 3319 1025 3371 consumatur.
1074 3307 1140 3382 Quo

94 3395 221 3460 uomodo
238 3394 307 3454 liunt
328 3395 551 3456 innumerabiles
566 3397 694 3474 species.
734 3394 823 3455 lluius
839 3395 914 3455 enlm
929 3403 993 3453 sunt
1019 3394 1139 3472 generis,

137 3497 200 3539 cum
218 3479 253 3539 ab
269 3478 428 3540 Hannibale
447 3498 541 3543 cuesu
561 3481 649 3558 opud
666 3476 792 3542 Gonnus
814 3480 979 3559 seuups'uto
992 3477 1077 3538 milio
1098 3478 1139 3536 di·

119 3596 209 3616 sn·
