2408 3854
355 200 690 252 membranorum.
704 201 801 270 v11,4.
1041 193 1076 255 31

76 359 170 435 magis
182 357 211 416 iu
221 357 408 436 praeteritum
421 355 598 432 laudaverit,
612 365 690 417 tanto
707 351 965 436 facilius‘probabit
980 361 1082 421 morbo

79 459 147 502 csse
163 449 299 502 mutatos.
343 439 440 516 fleus,
464 442 597 518 quotiens
613 459 699 502 causa
715 443 855 519 patietur,
879 443 996 504 debebit
1016 454 1122 508 esseut

77 527 105 585 in
124 525 296 586 defensione
322 524 507 600 moderatus,
538 527 603 602 quia
625 524 688 585 fere
711 527 752 584 ira
769 534 798 584 et
815 528 969 586 concitatio
990 528 1081 588 furori

77 618 143 669 sunt
158 609 270 669 similia.
316 605 452 667 Omnibus
468 608 512 667 his
529 626 678 668 commune
695 618 755 684 est,
774 609 851 687 quod
872 612 915 670 rei
932 627 989 670 non
1007 630 1081 671 sem·

76 711 131 773 per
157 692 330 753 defensione
354 690 424 752 facti
449 692 501 751 sed
526 694 713 753 excusatione
740 695 884 753 aescula
913 694 1083 773 frequenter

76 785 203 837 utuntur.
247 775 301 836 Est
325 776 399 835 eninr
420 774 579 836 domestica
603 776 793 854 disceptatio,
817 779 923 857 inqua
947 788 976 838 et
991 779 1082 839 semel

75 878 221 939 peccasse
241 867 271 918 et
292 877 346 938 per
368 875 498 919 errorem
517 869 546 919 et
569 859 678 935 levius,
703 878 786 939 quarn
805 860 972 939 obiiciatur,
997 863 1081 921 abso-

75 943 178 1017 lutioni
193 960 395 1022 nonnunquam
410 943 526 1003 sufficit.

160 1028 220 1088 Sed
237 1027 293 1088 alia
318 1044 436 1107 quoque
454 1027 543 1087 multa
558 1030 821 1088 controversiarum
838 1047 948 1106 genera
964 1031 991 1088 in
1013 1040 1125 1108 qua-32

75 1111 186 1173 litatem
214 1110 327 1171 cadunt
377 1109 616 1178 iniuriarum
648 1129 809 1191 quanquam
835 1114 909 1171 enim
935 1131 1002 1173 reus
1030 1114 1081 1174 ali-

75 1194 190 1274 quaudo
205 1195 314 1254 fecisse
332 1203 436 1272 negat,
452 1195 624 1274 plerumque
639 1204 733 1254 tamen
751 1196 824 1255 baec
842 1197 918 1255 actio
940 1197 1017 1256 facto
1041 1206 1081 1256 at·

75 1297 133 1378 que
161 1279 254 1338 animo
279 1280 450 1338 continetur
495 1278 540 1338 De
564 1286 736 1338 accusatore
762 1280 981 1356 constituendo,
1009 1290 1127 1359 quae33

73 1355 182 1423 iudicia
198 1362 323 1423 divina
334 1365 455 1422 tiones
475 1371 629 1431 uocantum
652 1363 752 1442 inquo
768 1381 879 1439 genere
894 1361 1001 1424 Cicero
1020 1366 1080 1442 qui·

75 1446 158 1546 dem,
183 1465 231 1524 qur
224 1445 444 1507 'mandantibus
459 1448 548 1506 sociis
562 1445 685 1505 Verrem
702 1446 876 1523 accusabat,
901 1457 1000 1508 contra
1018 1465 1081 1523 eos,

75 1532 125 1608 qui
142 1547 205 1589 cum
222 1529 432 1612 defendebant,
462 1529 517 1590 bac
542 1548 610 1588 usus
633 1539 678 1590 est
701 1530 856 1607 divisione,
882 1533 1080 1610 spectandum,

74 1631 90 1674 a
120 1630 178 1693 quo
208 1615 330 1674 maxime
358 1615 404 1691 agi
434 1614 524 1673 velint
552 1615 587 1689 ii,
612 1631 743 1692 ‘quorum
769 1615 805 1674 de
830 1615 941 1676 ultione
968 1617 1081 1694 quaeri-

74 1707 137 1774 tur,
156 1715 172 1758 a
191 1715 247 1776 quo
263 1699 378 1757 minime
393 1697 465 1757 velit
480 1700 521 1773 is,
544 1699 592 1776 qui
608 1707 771 1758 accusatur.
817 1697 1081 1778 Frequentissimae
1089 1709 1124 1761 34

74 1791 171 1842 tamen
197 1782 251 1841 irae
279 1790 344 1841 sunt
370 1784 574 1860 quaestiones,
599 1790 665 1841 uter
685 1782 809 1842 maiores
834 1801 937 1842 causas
964 1782 1080 1856 babeat,

74 1874 141 1925 uter
162 1865 228 1944 plus
251 1865 409 1925 industriae
431 1874 478 1926 aut
493 1866 595 1924 virium
615 1865 652 1925 sit
667 1865 806 1924 allaturus
823 1866 858 1926 ad
877 1866 1080 1942 accusandum,

74 1958 141 2009 uter
160 1948 189 2008 id
214 1949 268 2008 fide
290 1949 412 2008 meliore
431 1949 570 2008 facturus.
613 1946 769 2008 Tutelae
785 1959 955 2027 praeterea;
979 1952 1006 2009 in
1023 1959 1124 2027 quosa

73 2033 181 2093 iudicio
198 2032 276 2093 solet
294 2034 410 2111 quaeri,
428 2051 464 2092 an
479 2032 534 2091 alia
550 2032 634 2092 dere
651 2032 784 2110 quamde
804 2032 924 2092 calculis
941 2035 1081 2110 cognosci

74 2125 226 2195 oporteat,
248 2135 283 2177 an
309 2116 392 2176 fidem
417 2125 567 2194 praestare
589 2115 694 2176 debeat
708 2125 815 2177 tantum
830 2134 887 2176 non
908 2118 992 2176 etiam
1013 2133 1079 2177 con·

73 2200 170 2260 silium
185 2209 215 2259 et
231 2209 374 2260 eventum.
410 2199 462 2260 Cui
478 2200 571 2260 simile
588 2208 633 2260 est
648 2200 723 2260 male
738 2210 841 2277 gestae
857 2202 1080 2280 procurationis,

74 2301 164 2362 quae
178 2285 207 2342 in
232 2284 301 2345 foro
325 2285 557 2361 negotiorum
585 2293 789 2360 gestorum;
823 2303 886 2345 narn
909 2294 938 2344 et
958 2285 1081 2345 mandati

74 2369 152 2428 actio
169 2376 223 2449 est.
268 2368 388 2429 Praeter
410 2367 484 2428 haec
500 2369 667 2444 linguntur
658 2387 685 2426 rn
702 2368 811 2428 scholis
831 2378 860 2429 et
875 2370 1005 2447 inscripti
1023 2387 1080 2428 ma·
1071 2377 1126 2432 -36

73 2451 182 2527 felicii,
205 2451 355 2531 inquibus
377 2461 424 2511 aut
448 2452 505 2512 hoc
525 2453 688 2543 quaeritur,
711 2469 747 2511 an
767 2453 935 2531 inscriptum
957 2454 1010 2520 sit;
1034 2461 1081 2511 aut

73 2534 148 2612 hoc,
180 2553 215 2593 an
239 2536 412 2596 maleficium
438 2536 489 2604 sit;
522 2551 588 2594 raro
614 2544 775 2634 utrumque.
826 2534 920 2595 Male
947 2544 1080 2612 gestae

74 2618 288 2695 legationis
316 2620 390 2697 apud
414 2618 543 2679 Graecos
569 2627 598 2678 et
624 2620 702 2677 veris
733 2619 828 2690 causis
854 2618 1009 2696 frequens,
1031 2617 1080 2677 ubi

73 2703 144 2762 iuris
163 2702 231 2762 loco
252 2705 353 2782 quaeri
377 2702 470 2779 solet,
489 2721 525 2762 au
541 2704 655 2762 omnino
671 2701 756 2761 aliter
771 2719 879 2778 agere,
903 2719 988 2801 quam
1003 2719 1079 2761 man·

74 2786 170 2846 datum
191 2788 244 2862 sit,
271 2786 375 2862 liceat,
401 2795 431 2846 et
446 2803 597 2865 quousque
616 2787 653 2846 sit
673 2785 802 2861 legatum
831 2786 970 2865 quoniam
983 2785 1060 2845 alii'
1053 2805 1079 2844 ιιι
1134 2835 1137 2839 ,

73 2870 263 2931 renuntiando
282 2869 563 2946 sunt:ut1nlleio,
583 2871 631 2948 qui
647 2870 862 2929 testimouium
853 2888 881 2929 ιιι
896 2868 1019 2929 Verrem
1039 2869 1079 2929 di·

72 2963 158 3014 xerat
176 2963 245 3033 post
259 2950 401 3034 perlatam
421 2955 606 3031 legationem.
651 2952 804 3013 Plurimum
816 2962 910 3013 tamen
927 2954 993 3012 est
985 2971 1013 3011 rn
1031 2970 1078 3029 eo,
1089 2954 1123 3010 if

75 3038 163 3116 quale
184 3040 221 3098 sit
238 3039 354 3100 factum.
387 3038 452 3097 Rei
474 3036 647 3116 publloae
671 3035 809 3096 laesae.
841 3036 914 3097 Hinc
931 3045 1081 3096 moventur

76 3123 189 3200 quidem
209 3122 277 3183 illae
299 3124 368 3182 luris
390 3121 607 3182 cavillationes:
635 3120 710 3194 Quid
727 3121 764 3180 sit
781 3121 1002 3200 rempublicam
1020 3121 1079 3180 lae·

74 3202 167 3266 dere?
190 3215 236 3282 et,
256 3207 375 3267 laeserit
390 3224 426 3265 an
444 3222 501 3264 nou
520 3201 683 3284 profuerit?
707 3212 753 3280 et,
775 3205 810 3264 ab
826 3207 891 3284 ipso
908 3223 943 3263 an
958 3213 1080 3282 propter

74 3291 169 3368 ipsum
189 3290 271 3350 laesa
293 3291 339 3349 sit.
384 3289 414 3349 ln
433 3289 510 3350 facto
526 3298 621 3350 tamen
637 3288 788 3368 plurimum
808 3291 892 3348 inest.
938 3287 1080 3364 Ingrati

75 3390 203 3452 quoque.
237 3372 268 3433 ln
290 3390 347 3452 quo
370 3392 480 3451 genere
501 3375 658 3452 quaeritur,
681 3371 726 3431 An
751 3373 793 3447 is,
817 3391 880 3431 curn
898 3387 955 3450 quo
971 3372 1078 3448 agium,

74 3459 226 3537 acceperit
253 3454 446 3518 beneficium?
485 3456 569 3530 Quod
593 3473 659 3517 raro
679 3456 842 3533 negandum
864 3463 909 3514 est
918 3476 925 3523 ;
950 3456 1079 3531 ingratus
