2408 3854
121 195 182 257 24‘1
439 209 475 255 u.
493 208 571 255 sun.
588 205 808 267 cururmrnru

78 367 292 430 assentientem
319 363 487 441 optimeque
514 361 668 422 dicentem.
705 359 738 421 ln
766 363 823 422 hoc
850 373 939 442 quota
965 382 1033 442 pars
1062 367 1130 444 erit,

120 447 198 528 qnod
213 455 261 507 aut
276 448 447 505 innocentes
462 445 589 505 tuebitur
603 452 651 505 aut
665 446 863 523 improborum
878 449 996 508 scelera
1008 466 1130 528 compe·

119 540 199 608 scet,
226 531 324 590 autin
346 528 522 608 pecuniariis
544 528 763 609 quaestionibus
786 532 906 591 veritati·
925 541 1025 592 contra
1049 533 1130 595 calu·

120 617 223 675 mniam
240 611 355 673 aderiti
392 614 525 673 Summus
542 612 593 673 ille
610 614 725 692 quidem
740 615 769 674 in
785 614 831 675 bis
847 631 965 696 qnoque
988 616 1132 696 operibus

118 700 205 759 fuerit
227 698 279 758 sed
300 697 457 757 maioribus
481 696 588 757 clarius
610 697 754 776 elucebit,
777 717 842 759 cnm
862 699 993 778 regenda
1009 709 1131 762 senatus

76 795 110 849 27
119 783 239 844 consilia
266 789 296 839 et
315 780 466 860 popularis
488 798 572 841 error
596 781 633 842 ad
653 782 775 844 meliora
801 785 960 844 ducendus.
997 785 1044 844 dn
1070 802 1130 845 uon

118 868 206 928 talem
221 866 364 945 quendam
378 865 493 926 uidetur
508 865 627 925 finxisse
642 865 808 944 Vergilius,
837 885 923 946 quem
938 870 967 928 iu
983 868 1131 930 seditione

28 975 32 981 ·
118 952 198 1029 vulgi
213 951 269 1010 iam
283 949 366 1009 faces
382 959 410 1009 et
426 956 497 1010 saxa
512 948 664 1011 iaculantis
678 952 894 1012 moderatorem
911 951 1006 1013 dedit:

177 1033 252 1095 Tem
265 1036 380 1113 pictate
392 1049 522 1113 prooem
536 1050 576 1095 cc
591 1038 706 1098 meritis
719 1037 749 1097 si
762 1034 843 1115 forte
857 1039 959 1100 cirum
977 1052 1067 1115 quem

178 1116 384 1198 Conspexere,
401 1119 492 1181 silent
507 1121 700 1200 arrectisque
715 1122 846 1183 caridus
861 1123 988 1183 astant?

117 1202 262 1264 Habemus
279 1204 367 1280 igitur
384 1212 450 1262 ante
466 1203 560 1263 omnia
576 1203 667 1262 virum
687 1203 809 1281 bonnm,
836 1204 995 1284 posthaec
1011 1206 1130 1266 adiiciet

118 1288 232 1348 dicendi
249 1289 389 1366 peritum:

175 1371 233 1434 itte
247 1375 326 1450 repit
341 1372 565 1448 dimicantem
580 1377 609 1431 et
623 1379 753 1450 pectora
766 1375 888 1435 mulcet.

75 1454 215 1530 nsstuid?
240 1472 299 1514 non
317 1453 449 1514 inbellis
468 1472 585 1534 quoquc
602 1455 678 1515 idem
693 1456 745 1517 ille
760 1459 821 1535 uir,
841 1473 927 1536 quem
941 1456 1127 1534 instituimus,

118 1541 142 1599 si
165 1542 203 1598 sit
223 1538 258 1597 ad
279 1538 423 1617 proelium
445 1539 529 1599 miles
547 1539 759 1618 cohortandus,
784 1559 822 1601 ex
845 1540 947 1601 mediis
964 1541 1128 1620 sapientiae

117 1623 284 1701 praeceptis
302 1624 464 1683 orationem
480 1619 595 1684 trahet?
628 1622 701 1687 Nam
722 1626 869 1705 quomodo
886 1642 1011 1704 pugnam
1025 1626 1127 1685 ineun-

117 1705 192 1767 tibus
220 1714 263 1766 tot
284 1706 367 1767 simul
393 1717 487 1767 metus
514 1705 642 1784 laboris,
673 1709 823 1786 dolorum,
851 1717 1001 1787 postremo
1023 1711 1127 1769 mortis

116 1792 208 1871 ipsius
226 1791 405 1867 exciderint,
429 1793 484 1852 nisi
506 1792 534 1851 in
554 1807 654 1852 eorum
670 1793 767 1853 locum
783 1795 877 1871 pietas
896 1802 925 1853 et
940 1792 1079 1853 fortitudo
1097 1801 1128 1852 et

74 1876 232 1942 cohonesti
247 1893 388 1953 praeseus
404 1877 500 1954 imago
515 1874 714 1936 successerit?
739 1874 824 1950 Quae
841 1887 922 1937 certe
936 1876 1042 1936 melius
1058 1895 1126 1954 pcr-

118 1958 249 2019 suadebit
270 1960 351 2034 aliis,
380 1962 430 2039 qui
454 1961 534 2039 prius
556 1962 737 2039 persuaserit
759 1961 824 2021 sibi.
857 1960 957 2022 Prodit
981 1961 1056 2020 enim
1080 1979 1125 2036 se,

118 2042 275 2122 quamlibet
301 2044 497 2121 custodiatur,
525 2044 683 2114 simulatio;
708 2063 765 2105 nec
792 2063 914 2124 unquam
937 2053 1015 2104 tanta
1038 2044 1126 2104 luerit

116 2127 254 2206 loquendi
277 2127 416 2204 facultas,
445 2138 477 2187 ut
497 2146 555 2188 non
579 2126 682 2189 titubet
709 2138 797 2208 atque
822 2128 958 2205 haereat,
991 2130 1127 2208 quotiens

117 2211 152 2270 ab
171 2212 264 2272 animo
279 2211 370 2271 verba
385 2213 566 2272 dissentiunt.
602 2211 655 2272 Vir
671 2221 766 2274 autem
780 2213 873 2273 malus
889 2212 966 2273 aliud
984 2212 1062 2274 dicat
1076 2231 1127 2272 ne·

75 2309 109 2361 30
117 2313 202 2355 cesse
218 2303 263 2354 est
279 2313 364 2373 quarn
382 2298 478 2356 sentit.
511 2296 608 2357 Bonos
625 2313 768 2376 nunquam
782 2297 924 2358 honestus
941 2314 1039 2358 sermo
1055 2297 1126 2357 dcli-

118 2380 186 2454 ciet,
203 2397 345 2456 uunquam
361 2398 457 2438 rerum
475 2382 646 2459 optimarum
663 2382 743 2460 (narn
758 2381 847 2441 iidem
863 2382 949 2440 etiam
965 2381 1127 2461 prudentes

118 2465 216 2543 erunt)
241 2464 384 2532 inventio;
406 2481 480 2543 quae
504 2465 616 2525 etiamsi
640 2465 793 2526 lenociniis
814 2465 951 2526 destituta
977 2466 1031 2543 sit,
1056 2467 1128 2526 satis

117 2557 213 2607 tamen
236 2557 338 2608 natura
359 2565 410 2608 sua
432 2559 550 2610 ornatur
572 2550 802 2629 nec-quidquam
824 2566 883 2609 uon
898 2549 1024 2626 diserte,
1048 2549 1128 2628 quod

74 2644 107 2697 31
116 2631 256 2710 honeste,
286 2633 399 2693 dicitur.
443 2632 557 2710 Quare,
588 2636 737 2711 iuventus,
767 2635 853 2693 immo
876 2650 978 2693 omues
1001 2642 1126 2708 aetates,

118 2717 230 2795 (neque
249 2718 324 2776 enim
345 2726 446 2777 rectae
462 2718 604 2779 voluntati
621 2734 719 2786 serum
742 2727 788 2777 est
802 2727 917 2796 tempus
933 2716 1039 2796 ullum)
1058 2718 1127 2777 totis

117 2799 259 2859 mentibus
277 2799 333 2860 huc
349 2802 517 2879 tendamus,
541 2804 569 2861 in
586 2801 645 2862 hoc
663 2800 864 2871 elaboremus;
887 2802 988 2864 forsan
1012 2810 1042 2861 et
1058 2819 1126 2861 con-

118 2900 260 2943 summare
277 2887 433 2964 contingat.
466 2885 539 2947 Na'm
560 2888 584 2945 si
607 2895 708 2946 natura
725 2904 783 2946 non
800 2884 937 2965 prohibet
954 2894 984 2945 et
1000 2903 1069 2946 esse
1084 2887 1126 2944 ni·

118 2984 179 3026 rum
201 2966 307 3027 bonurn
329 2978 358 3028 et
379 2987 448 3030 esse
466 2970 580 3031 dicendi
604 2971 744 3049 peritum:
773 2988 824 3030 cur
845 2987 903 3030 non
918 2969 1024 3049 aliquis
1041 2971 1127 3030 ctiam

117 3069 189 3109 unus
207 3060 359 3131 utrumque
383 3055 523 3132 consequi
542 3051 658 3133 possit?
687 3073 738 3114 cur
760 3061 929 3115 autemnon
950 3072 983 3114 se
1000 3055 1127 3133 quisque

74 3144 109 3198 32
118 3144 217 3213 speret
242 3136 307 3196 lore
333 3138 414 3198 illum
441 3135 586 3217 aliquem?
622 3138 670 3198 Ad
690 3137 768 3217 quod
789 3138 814 3198 si
839 3140 919 3198 vires
936 3138 1047 3216 ingenii
1069 3155 1127 3197 non

119 3218 303 3280 sufficerent:
329 3231 425 3282 tamen
451 3221 486 3281 ad
513 3238 598 3302 quem
621 3239 714 3302 usque
739 3222 855 3282 modum
878 3221 1126 3302 processerimus,

118 3305 256 3365 meliores
284 3307 390 3365 erimus
412 3323 449 3365 ex
477 3314 611 3385 utroque.
656 3305 720 3366 Hoc
747 3315 828 3366 certe
852 3305 957 3385 procul
985 3306 1128 3366 eximatur

119 3389 228 3466 auimo,
256 3408 352 3449 rerum
376 3388 599 3468 pulcherrimam
620 3391 815 3470 eloquentiam
837 3408 901 3450 cum
924 3390 1001 3450 uitiis
1021 3391 1127 3450 mentis

114 3489 208 3551 posse
221 3474 346 3533 misceri.
380 3472 514 3535 Facultas
532 3474 664 3553 dicendi,
686 3476 711 3536 si
727 3476 755 3534 in
770 3474 863 3535 malos
879 3474 994 3552 incidit,
1018 3472 1125 3552 etipsa
