2376 3840
110 201 151 268 98
418 216 455 264 ιι.
471 214 550 262 nun.
566 213 786 274 Quinummun
824 194 832 205 ‘

109 373 294 452 consumptis
311 372 389 432 enim
405 371 543 432 lacrimis
557 368 671 446 tostinus
685 376 785 431 tomen
803 369 922 446 pectori
936 370 1046 432 bneret
1061 371 1111 431 do

108 458 174 525 locs
192 466 221 516 et

337 570 379 585 -
393 536 527 617 blopnoe
544 556 626 598 nnnc
645 536 753 597 biscite
768 544 881 597 terroe.
987 568 990 571 ·

66 635 99 690 ot
109 623 194 698 Quod
221 623 532 682 exclamationem
566 618 679 697 quidam
705 628 813 679 vocant
835 629 1005 699 ponuntque
1038 622 1114 681 inter

109 710 215 786 liguros
232 707 380 766 orationis.
416 704 496 764 Haeo
518 705 651 782 quotiens
675 721 746 762 vera
768 712 849 780 sunt,
872 720 931 764 uon
945 712 1012 764 eunt
1032 705 1061 764 in
1077 722 1111 764 ea

108 793 211 866 torma,
228 791 264 850 de
281 808 337 867 qua
352 807 427 848 nunc
440 789 600 868 loquimur,
618 787 670 848 sed
685 786 851 847 assimulata
869 797 898 848 et
913 797 976 848 arte
993 804 1111 866 compo·

109 877 163 935 sita
188 873 400 952 proculdubio
423 873 571 933 schemata
599 879 664 930 sunt
685 871 883 932 existimanda.
929 870 1016 946 Quod
1035 871 1111 932 idem

109 959 214 1020 dictum
230 960 267 1017 sit
282 958 318 1018 de
340 959 471 1017 oratione
490 956 598 1031 libera,
621 972 705 1032 quam
729 951 900 1015 Cornificius
922 955 1113 1017 licentiam

110 1051 206 1117 vocat,
228 1040 331 1102 Graeci
354 1040 531 1121 subductas
571 1038 645 1112 Quin
663 1039 738 1099 enim
752 1039 844 1099 minus
853 1041 1013 1117 figuratum
1029 1058 1113 1118 quam

68 1140 179 1192 savera
200 1123 342 1186 libertas?
373 1124 433 1184 Sed
454 1124 624 1202 frequenter
647 1121 700 1182 sub
716 1121 772 1182 bac
788 1122 864 1183 facie
885 1123 957 1184 latet
973 1123 1111 1184 adulatio.

110 1210 181 1271 Nam
197 1207 301 1270 Cicero
319 1228 383 1269 cum
398 1209 466 1269 dicit
480 1225 534 1286 pro
553 1206 686 1284 Ligario,
701 1204 852 1286 Suscepto
868 1209 961 1285 bello,
981 1206 1113 1285 Cacsar,

106 1304 192 1375 gesto
207 1296 270 1356 iam
285 1295 375 1356 otiam
389 1313 430 1355 ec
440 1300 534 1371 porte
548 1310 677 1370 magno,
697 1292 784 1352 nobo
799 1293 831 1352 oi
845 1301 973 1354 coactns
987 1295 1114 1355 sonatio

109 1398 150 1440 oc
163 1378 317 1440 volontate
331 1395 400 1439 meo
415 1379 459 1439 od
473 1396 512 1439 eo
533 1394 623 1437 urano
641 1375 803 1453 profectos
818 1395 901 1451 som,
922 1393 1004 1454 quoe
1024 1386 1114 1439 erant

109 1470 231 1542 sumpto
253 1469 361 1522 contro
381 1468 425 1521 tc:
449 1475 506 1519 non
527 1459 621 1520 solum
642 1459 678 1518 ad
699 1458 850 1520 utilitatem
864 1458 970 1538 Ligarii
992 1462 1114 1540 respicit

68 1546 164 1613 29scd
179 1546 271 1622 magis
292 1544 411 1605 laudam
427 1545 547 1603 victoris
572 1543 755 1604 clementiam
775 1560 832 1603 non
852 1553 961 1622 potest.
1007 1543 1040 1606 ln
1064 1546 1114 1607 illa

110 1647 182 1689 vero
203 1632 360 1689 sententia:
379 1626 462 1702 Ouid
477 1636 579 1689 notem
595 1628 823 1706 dissaeptum,
845 1626 976 1705 Tubero,
992 1631 1054 1690 nisi
1069 1639 1113 1705 ot,

110 1716 193 1793 qnod
207 1715 257 1775 bio
269 1722 377 1794 potest,
393 1731 449 1774 nos
460 1712 640 1792 possemus?
655 1710 860 1772 admirabiliter
880 1715 1032 1790 utriusque
1048 1731 1113 1792 par·

109 1803 146 1860 tis
162 1798 231 1859 iacit
246 1796 351 1858 honam
370 1815 501 1865 causam;
516 1796 570 1856 sed
588 1796 645 1855 hoc
667 1812 732 1854 eum
747 1795 923 1871 demeretur,
941 1797 1023 1856 cuius
1038 1797 1114 1858 mala

109 1884 212 1943 luerat.

194 1966 247 2028 Illa
271 1967 364 2027 adhuc
384 1966 538 2027 audaciora
563 1974 592 2025 et
606 1967 743 2026 maiorum
760 1965 813 2042 (ut
830 1961 936 2024 Cicero
952 1966 1113 2046 existimat)

110 2053 248 2127 laterum,
279 2052 463 2111 fictiones
487 2067 749 2129 personarum,
780 2065 856 2127 qnae
875 2050 1111 2128 accomnonostos

110 2136 251 2196 dicuntur.
283 2133 355 2194 Mire
371 2152 493 2214 nomque
509 2152 573 2194 cum
595 2135 706 2194 variant
721 2134 882 2193 orationem
897 2142 956 2204 tum
972 2133 1111 2194 excitant.

67 2218 161 2282 sollis
184 2227 213 2277 et
235 2218 466 2277 adversariorum
488 2218 680 2295 cogitationes
701 2217 781 2277 velut
807 2234 907 2277 secum
934 2217 1112 2297 loquentium

110 2301 322 2380 protrahimus,
346 2318 426 2379 quae
443 2309 538 2361 tamen
559 2304 599 2361 ita
614 2301 758 2362 demuma
774 2300 831 2362 ode
852 2318 910 2360 non
926 2301 1113 2376 abhorreant,

111 2386 135 2445 si
151 2403 186 2445 ea
200 2384 316 2445 locutos
334 2384 517 2461 duxerimus,
542 2403 617 2465 quac
640 2388 788 2463 cogitasse
808 2402 861 2445 eos
887 2401 945 2444 nou
959 2388 997 2445 eit
1011 2385 1113 2447 ιὼιιιι-

110 2471 192 2538 dum;
222 2478 252 2529 ct
276 2476 394 2528 nostros
423 2488 487 2529 cum
515 2469 578 2530 aliis
604 2488 755 2530 sermones
783 2478 813 2530 et
832 2468 955 2529 aliorum
977 2471 1052 2529 inter
1078 2487 1113 2528 sc

110 2554 289 2615 credibiliter
314 2555 535 2622 introducimus;
559 2564 588 2614 et
612 2553 785 2629 ¹suadendo,
817 2552 1015 2631 obiurgando,
1041 2571 1113 2632 quc·

67 2649 99 2702 31
107 2639 210 2714 rendo,
226 2638 380 2714 laudando,
405 2637 568 2699 miserando
589 2655 732 2717 personas
752 2637 872 2697 idoneas
891 2635 1002 2697 damus.
1039 2637 1114 2712 Quin

110 2722 256 2782 deducere
272 2723 344 2782 deos
361 2725 389 2783 in
403 2722 461 2783 hoc
476 2740 587 2801 genere
603 2722 717 2782 dicendi
733 2730 762 2781 et
779 2720 889 2781 inferos
900 2723 1031 2781 excitare
1044 2739 1114 2781 con·

110 2823 225 2864 cessum
248 2814 302 2864 est.
335 2806 432 2867 Urbes
455 2809 541 2878 etiam
560 2805 721 2885 populique
741 2822 845 2865 vocem
866 2806 1020 2883 accipiunt.
1067 2805 1114 2864 Ac

109 2896 174 2947 sunt
189 2887 313 2966 quidam,
331 2891 379 2968 qui
395 2889 446 2948 has
464 2890 575 2950 demum
591 2891 830 2970 προσωποποιΐοις
846 2889 977 2965 dicant,
968 2888 1115 2966 inquibus

110 2979 139 3030 et
155 2987 281 3047 corpora
297 2979 327 3029 et
348 2971 439 3031 verba
463 2972 610 3050 tingimus3
636 2992 787 3034 sermones
802 2973 946 3034 hominnm
962 2973 1113 3033 assimula-

109 3063 155 3114 tos
171 3052 272 3113 dicere
294 3048 451 3133 διαλόγους
469 3057 592 3129 malunt,
617 3057 695 3144 quod
714 3056 878 3118 Latinorum
901 3056 1015 3136 quidam
1032 3057 1113 3119 dixe·

65 3147 174 3204 aurunt
189 3139 549 3198 sermocinationem.
576 3100 671 3217 flgo
662 3158 718 3201 iam
732 3150 855 3221 recepto
867 3158 950 3201 more
961 3149 1114 3220 utrumque

110 3223 215 3285 eodem
235 3221 323 3282 modo
345 3221 502 3301 appellavi·
540 3222 612 3283 Nam
636 3233 717 3284 certe
733 3244 829 3286 sermo
845 3226 914 3303 tingi
931 3242 989 3286 ιιοιι
1003 3235 1113 3304 potest,

109 3319 139 3368 ut
159 3326 217 3369 uon
234 3324 383 3386 personae
403 3323 499 3366 sermo
519 3307 650 3384 tingatur.
696 3308 786 3369 Sed
772 3329 806 3368 ιιι
828 3309 890 3384 bis,
913 3328 989 3390 quae
1014 3319 1115 3371 natura

108 3410 165 3452 non
184 3393 332 3472 permittit,
351 3391 409 3453 boc
423 3391 510 3452 modo
524 3392 641 3453 mollior
652 3393 683 3453 dt
700 3392 808 3470 figura:
825 3391 1117 3456 Etenimss‘mecnm

96 3479 226 3554 patrio,
253 3494 335 3556 puae
351 3477 425 3541 mttt
444 3479 508 3541 olto
530 3494 600 3540 meo
618 3477 710 3540 molto
737 3485 783 3538 ost
806 3480 929 3554 carior,
953 3479 982 3539 si
1001 3486 1117 3541 commo
