2408 3854
153 172 213 235 224
475 184 836 245 u.nan.oo1uu1n1ara1

154 342 265 403 Eadem
285 339 466 418 aliquatenus
481 337 601 398 liberius
616 336 751 397 deorsum
766 338 963 416 spectantibus
979 340 1077 418 digitis
1093 343 1154 404 coi·

77 492 79 496 g
155 427 253 503 ligitur
267 426 296 484 in
310 439 364 484 nos
382 431 412 482 ει
426 422 517 482 fusius
532 418 619 499 paulo
635 421 664 479 in
679 420 823 481 diversum
844 421 1016 500 resolvitur,
1038 434 1069 485 ut
1084 443 1156 505 quo·

114 508 307 579 osdammodo
323 522 486 567 sermonem
508 505 600 582 ipsum
617 503 752 582 proierre
768 505 909 565 videatur.
940 505 1028 568 Binos
1044 506 1157 570 interim

155 594 261 671 digitos
282 591 481 667 distinguimus
502 587 628 648 sednon
648 589 758 648 inserto
774 588 901 667 pollice,
929 591 1045 668 paulum
1060 602 1157 653 tamen

154 675 340 739 inierioribus
355 675 428 733 intra
444 670 641 750 spectantibus
657 670 710 731 sed
724 689 761 731 ue
778 671 836 732 iiiis
852 672 967 752 quidem
981 678 1090 752 tensis,
1107 678 1156 755 qui

114 776 245 840 oosupra
267 767 342 818 sunt.
374 756 491 817 Interim
507 755 629 816 extremi
644 754 767 833 palmam
782 757 860 816 circa
882 758 937 817 ima
953 758 1068 836 pollicis
1088 778 1156 838 pre·

153 853 246 920 munt,
270 844 334 922 ipse
356 839 501 919 prioribus
523 838 559 899 ad
579 837 692 898 medios
715 838 852 900 articulos
873 841 1015 917 iungitur;
1042 844 1155 903 interim

154 936 272 1009 quartus
297 925 415 1004 oblique
437 923 604 1002 reponitur;
629 922 742 983 interim
764 931 898 1000 quattuor
912 926 1042 985 remissis
1063 928 1156 1003 magis

155 1029 239 1092 quam
260 1010 368 1084 tensis,
388 1007 497 1087 pollice
519 1007 594 1066 intus
608 1005 762 1082 inclinato,
782 1005 910 1067 habilem
932 1008 1155 1070 demonstrando
1174 1046 1178 1054 ·

153 1095 279 1156 inlatus
302 1101 350 1153 aut
373 1090 600 1167 distinguendis,
628 1107 702 1168 quae
725 1089 863 1167 dicimus,
888 1109 1001 1152 manum
1022 1093 1155 1168 iacimus,

96 1188 218 1242 ioocum
236 1178 337 1254 supina
352 1178 380 1236 in
395 1176 540 1235 sinistrum
555 1174 646 1249 latus,
665 1190 756 1251 prona
773 1175 802 1233 in
818 1173 940 1234 alterum
957 1176 1058 1237 fertur.
1083 1177 1155 1237 Sunt

154 1273 183 1324 et
198 1262 241 1323 ilii
258 1260 364 1321 breves
379 1267 496 1337 gestus,
515 1274 578 1317 oum
594 1274 692 1316 manus
709 1257 814 1318 leviter
832 1258 972 1337 pandata,
992 1260 1086 1339 qualis
1103 1277 1154 1320 vo·

152 1346 279 1407 nentium
300 1352 362 1417 est,
386 1343 483 1421 parvis
505 1340 666 1401 intervallis
682 1350 711 1401 et
731 1339 1009 1404 subessentientlbus
1029 1343 1155 1404 humeris

152 1437 305 1502 movetur,
332 1427 454 1486 maxime
478 1433 545 1503 epte
567 1441 656 1503 parce
680 1433 709 1483 et
731 1425 813 1503 quasi
838 1426 934 1487 timide
957 1426 1153 1506 loquentibus.

153 1513 206 1572 Est
226 1510 405 1571 admirationi
426 1508 603 1569 conveniens
625 1507 675 1568 ille
696 1518 816 1585 gestus,
841 1526 899 1588 quo
920 1525 1018 1571 rmnus
1040 1511 1155 1571 modice

153 1597 284 1675 supinata
302 1612 337 1653 ac
352 1611 407 1672 per
422 1592 552 1671 singulos
568 1611 585 1652 a
599 1593 713 1653 minimo
732 1591 857 1654 collecta
876 1593 994 1670 digitos,
1012 1594 1155 1654 redeunte

95 1679 242 1755 ioiilexu,
262 1677 345 1738 simui
361 1677 524 1756 explicatur
538 1684 625 1755 atque
642 1678 828 1737 convertitur.
859 1675 923 1737 Nec
938 1694 994 1737 uno
1009 1677 1096 1738 modo
1114 1679 1155 1737 in·

151 1770 337 1841 terrogantes
358 1770 472 1839 gestum
494 1760 709 1838 componimus,
734 1760 904 1839 pierumque
921 1770 1017 1822 tamen
1038 1770 1155 1821 uerten-

150 1857 196 1908 tes
218 1862 345 1921 mauum,
368 1854 513 1923 utcunque
539 1844 700 1922 composita
722 1853 776 1904 εει.
818 1844 922 1905 Pollioi
944 1845 1093 1924 proximus
1113 1845 1154 1905 di·

123 1933 229 2008 *gitus
252 1929 454 2008 mediumque,
476 1945 532 2007 qua
549 1926 652 1988 dexter
672 1936 736 2004 est,
760 1946 885 2006 unguem
903 1928 1021 2007 poliiois
1043 1945 1154 1988 summo

151 2031 205 2074 suo
228 2017 367 2090 iungens,
388 2012 516 2073 remissis
533 2013 656 2088 ceteris,
678 2020 723 2071 est
739 2021 769 2072 et
791 2011 1020 2091 approbantibus
1043 2021 1073 2072 et
1089 2030 1154 2072 nar·

94 2103 144 2156 102
151 2097 281 2158 rantibus
297 2106 327 2157 et
343 2094 580 2174 distinguentibus
596 2095 730 2156 decorus.
770 2094 823 2156 Cui
840 2113 898 2156 nou
913 2095 1077 2172 dissimilis,
1100 2096 1154 2156 sed

152 2180 326 2260 complicitis
342 2179 433 2240 tribus
449 2180 563 2257 digitis,
580 2196 638 2258 quo
654 2197 729 2239 nunc
745 2178 849 2241 Graeci
863 2180 1014 2258 plurimum
1028 2188 1154 2253 utuntur,

152 2266 239 2325 etiam
255 2272 377 2340 utraque
391 2281 494 2337 manu,
518 2265 652 2340 quotiens
673 2263 883 2338 enthymemata
905 2281 957 2324 sua
974 2272 1060 2341 gestu
1074 2262 1156 2324 velut

122 2347 369 2407 *corrotundant
401 2344 517 2406 (laesim
539 2364 638 2407 manus
656 2347 752 2407 lenior
767 2348 906 2426 promittit
929 2356 959 2408 et
980 2355 1154 2421 assentatur,

152 2431 267 2491 citatior
282 2430 430 2507 bortatur,
454 2430 569 2491 iuterim
584 2430 690 2492 laudat.
720 2429 774 2491 list
789 2440 818 2491 et
834 2430 885 2492 ille
900 2433 1030 2509 urgentis
1046 2433 1155 2491 oratio·

154 2533 219 2575 nem
239 2524 341 2592 gestus
360 2514 489 2592 uulgaris
512 2515 603 2591 magis
619 2532 704 2594 quam
720 2533 757 2575 ex
773 2523 853 2591 arte,
877 2516 926 2594 qui
950 2513 1092 2576 contrahit
1114 2514 1155 2575 al·

93 2603 236 2660 iobterno
253 2599 403 2678 celerique
421 2607 498 2659 motu
516 2607 546 2659 et
560 2598 688 2677 explieat
703 2616 824 2658 manum.
856 2597 910 2658 Est
926 2598 1021 2660 stilla
1037 2584 1156 2659 cuva‘et

151 2701 217 2743 rara
240 2692 269 2742 et
294 2700 383 2761 supra
410 2683 520 2744 humeri
547 2682 723 2743 altitudinem
745 2682 821 2743 elata
847 2700 911 2743 cum
932 2683 1055 2761 quodam
1076 2691 1154 2742 motu

151 2766 232 2825 uelut
246 2765 390 2826 hortatrix
406 2783 521 2835 manum
548 2784 564 2826 a
579 2767 744 2845 peregrinis
763 2764 873 2826 scholis
888 2774 984 2826 tamen
999 2782 1093 2845 prope
1108 2783 1154 2824 re·

153 2857 238 2925 cepta
260 2848 384 2909 tremula
410 2850 529 2910 scenica
550 2859 604 2910 est.
641 2848 774 2927 Digitos,
804 2866 868 2910 oum
888 2850 989 2909 summi
1011 2851 1154 2923 coierunt,

153 2931 189 2991 ad
204 2948 258 2990 nos
271 2933 402 3008 referre,
419 2952 470 2994 cur
485 2933 654 3012 quibusdam
669 2933 869 3012 displicuerit,
894 2935 1006 2994 nescio.
1027 2931 1112 3015 'Nam
1126 2932 1155 2993 id

152 3022 182 3074 et
210 3014 315 3074 leviter
340 3015 514 3077 admirantes
540 3026 570 3078 et
595 3019 706 3078 interim
728 3017 823 3078 subita
848 3017 1044 3094 indignatione
1072 3016 1155 3077 velut

91 3105 346 3175 ludpavesoentes
358 3107 388 3167 ct
397 3101 591 3181 deprecantes
607 3101 736 3174 iacimus.
765 3101 840 3174 Quin
854 3117 1053 3180 compressam
1069 3100 1156 3161 etiam

151 3199 264 3242 manum
288 3184 317 3243 iu
337 3185 515 3261 poenitentia
535 3183 585 3244 vel
601 3185 644 3244 iru
658 3185 772 3262 pectori
793 3185 997 3260 admovemus,
1021 3179 1072 3244 ubi
1094 3200 1155 3242 vox

150 3265 200 3325 vel
217 3267 292 3326 inter
310 3267 412 3328 dentes
430 3284 572 3346 expressa
593 3282 651 3327 non
666 3266 807 3328 dedecet:
835 3266 917 3341 Quid
936 3287 1021 3331 nunc
1036 3267 1155 3346 opum?

153 3346 237 3421 Quid
250 3351 376 3430 focius?
394 3351 510 3411 Averso
524 3350 634 3428 pollice
650 3350 849 3412 demonstrare
865 3351 984 3431 aliquid,
1002 3359 1155 3430 receptum

92 3439 143 3522 loo
152 3434 243 3517 magis
267 3444 337 3514 puto
364 3451 449 3514 pam
470 3435 578 3495 oratori
597 3434 745 3496 decorum.
780 3435 840 3496 Sed
862 3454 926 3496 cum
947 3436 1038 3496 omnis
1058 3442 1156 3494 motus

168 3566 342 3636 A
