2408 3854
313 197 786 267 msu.onunoa.1.1n.xn,1o.
1013 188 1074 252 273
1125 170 1129 179 ’

66 355 152 418 medii
174 364 324 417 eteorum
346 356 426 415 varia
448 357 563 416 nomina
585 363 615 415 ει
637 354 752 432 quidam
767 355 853 414 etiam
873 356 1024 432 regionum
1039 375 1074 416 ac

66 441 211 501 fluminum
230 440 358 518 proprii,
383 439 646 518 deprehenduntur.
679 437 849 516 Eademque
863 440 979 498 musicis
998 441 1116 505 reticos

65 533 122 600 est,
140 525 200 603 qni,
218 541 282 584 cum
298 525 326 582 in
341 521 452 583 citbara
467 523 593 602 quinque
606 524 816 582 constituerunt
831 538 933 600 sonos,
950 523 1074 602 plurima

65 607 172 668 deinde
196 609 339 668 varietate
357 605 506 685 complent
525 607 620 684 spatia
642 605 692 666 illa
712 622 883 682 nervorum,
906 615 994 686 atque
1016 609 1071 684 bis,

67 709 142 772 quos
166 694 420 769 interposuerunt,
446 691 577 750 inserunt
599 690 691 766 alios,
712 698 743 750 ut
765 691 850 768 pauci
873 690 916 751 illi
935 694 1072 753 transitus

64 776 171 836 multos
186 772 294 852 gradus
309 772 444 836 babeant

151 858 253 919 Plures
271 861 360 937 igitur
377 859 462 919 etiam
480 858 666 938 eloquentiae
681 859 789 936 iacias,
805 860 859 922 sed
875 860 1115 924 stultissimum69

67 959 229 1022 quaerero,
256 944 292 1004 ad
313 960 398 1021 quam
418 961 452 1002 se
473 952 607 1004 recturus
623 945 660 1002 sit
681 952 794 1012 orator;
817 962 881 1005 cum
897 945 988 1005 omnis
1004 964 1072 1024 spe-

65 1029 144 1103 cies,
171 1045 247 1107 quae
272 1026 359 1088 modo
382 1036 464 1087 recta
482 1036 543 1103 est,
566 1027 673 1088 babeat
694 1045 791 1103 usum,
819 1036 907 1107 atque
929 1030 958 1090 id
979 1031 1072 1109 ipsum

66 1129 152 1172 omne
174 1113 212 1171 sit
239 1112 382 1188 oratoris,
414 1111 493 1190 quod
523 1111 613 1189 vulgo
639 1129 754 1189 genus
783 1111 930 1173 dicandi
956 1123 1071 1176 vocant.

66 1195 171 1256 Utetur
187 1197 281 1272 enim,
305 1205 335 1256 ut
359 1215 408 1255 res
425 1197 541 1274 exiget,
566 1195 790 1272 omnibns,-ncc
813 1212 867 1275 pro
883 1214 971 1258 causa
985 1199 1071 1259 modo

67 1281 120 1341 sed
136 1297 190 1359 pro
207 1279 338 1359 partibus
355 1298 472 1340 causae.
508 1278 581 1340 Nam
603 1289 632 1339 ut
653 1298 711 1339 non
732 1281 836 1341 codem
849 1281 935 1341 modo
951 1299 1006 1361 pro
1022 1299 1074 1342 reo
1082 1287 1118 1344 70

68 1366 170 1443 capitis
196 1373 225 1423 at
246 1367 275 1425 in
301 1366 459 1426 certamine
475 1364 644 1425 hereditatis
659 1373 689 1424 et
705 1364 742 1425 de
758 1364 918 1426 interdictis
935 1383 971 1426 ac
986 1383 1074 1444 spon-

34 1471 36 1476 ·
67 1448 196 1509 sionibus
220 1450 302 1510 etde
325 1458 406 1509 certa
430 1449 540 1524 credita
562 1449 655 1525 dicet,
679 1451 885 1510 sententiarum
907 1466 1024 1529 quoque
1046 1453 1075 1510 in

67 1542 168 1592 senatu
193 1541 223 1592 et
244 1535 409 1592 contionum
432 1542 462 1592 ει
483 1534 661 1611 priuatorum
681 1534 867 1594 consiliorum
888 1534 1019 1595 servabit
1033 1535 1075 1595 di-

66 1618 218 1693 scrimina,
241 1617 329 1677 multa
349 1635 387 1677 ox
403 1616 567 1677 differentia
584 1634 789 1695 personarum,
813 1618 947 1679 locorum
962 1629 1074 1698 tempo·

67 1718 188 1779 rumque
203 1700 339 1761 mutabit:
357 1702 397 1761 ita
411 1703 440 1760 in
455 1700 559 1761 eadem
575 1703 707 1762 oratione
723 1701 809 1761 aliter
823 1702 1001 1778 conciliabit,
1017 1720 1075 1763 non

67 1804 106 1845 cx
127 1785 230 1845 iisdem
254 1785 403 1845 haustibus
426 1787 497 1845 iram
521 1794 550 1845 et
571 1784 797 1845 misericordiam
819 1794 915 1863 petet,
945 1786 1016 1847 alias
1038 1787 1074 1848 ad

66 1869 231 1930 docendum
257 1869 330 1931 alias
357 1870 392 1930 ad
419 1869 594 1929 movendum
617 1868 765 1930 adhibebit
790 1877 878 1929 artas.
917 1869 982 1930 Non
1003 1872 1116 1930 unusll

68 1954 153 2014 color
184 1955 344 2032 prooemii,
378 1955 567 2028 narrationis,
603 1962 854 2030 argumentorum,
883 1957 1074 2032 egressionis,

66 2039 262 2117 perorationis
279 2037 452 2098 servabitur.
476 2036 565 2098 Dicet
577 2037 655 2097 idem
669 2039 809 2114 graviter,
823 2056 940 2114 severe,
957 2041 1074 2115 acriter,

66 2122 272 2199 vehementer,
297 2120 459 2197 concitate,
484 2123 622 2201 copiose,
645 2139 759 2198 amare,
785 2123 922 2197 comiter,
939 2125 1072 2207 remisse,

67 2207 229 2283 subtiliter,
250 2206 373 2281 blando,
392 2206 515 2282 leuiter,
538 2205 678 2282 dulciter,
696 2206 841 2282 breviter,
863 2204 988 2275 urbanc;
1017 2224 1074 2267 non

67 2290 177 2370 ubique
196 2292 297 2352 similis
313 2292 367 2353 sed
383 2290 491 2371 ubique
509 2309 562 2369 par
576 2290 642 2354 sibi.
678 2291 727 2350 Sic
743 2291 793 2350 liet
809 2308 873 2350 cum
888 2289 933 2367 ld,
955 2294 1116 2371 propterte

67 2375 146 2455 quod
161 2378 283 2436 maxime
299 2384 435 2454 repertus
459 2384 505 2435 est
520 2393 587 2435 usus
604 2375 759 2450 orationis,
780 2383 811 2435 ut
830 2374 1031 2436 dicatutilitcr
1046 2385 1075 2436 ει

67 2458 103 2519 ad
124 2458 308 2519 efficiendum
332 2460 409 2538 quod
429 2460 550 2520 intendit
572 2468 720 2538 potentem
744 2468 803 2519 tum
825 2459 939 2519 laudem
957 2476 1074 2538 quoqne

67 2560 123 2602 nec
141 2543 294 2602 doctorum
309 2543 395 2603 modo
414 2544 467 2603 sed
482 2544 568 2602 etiam
582 2543 663 2620 volgi
679 2551 884 2621 consequatur.

153 2625 304 2687 Falluntur
330 2627 405 2686 enim
427 2626 595 2705 plurimum,
625 2629 674 2704 qui
695 2628 829 2686 vitiosum
855 2635 884 2686 at
909 2628 1116 2704 corruptuml3

67 2709 183 2771 dicendi
198 2728 309 2788 genus,
327 2710 405 2790 quod
421 2720 469 2771 nut
484 2710 640 2771 uerborum
654 2710 772 2771 licentia
787 2710 899 2770 exultat
913 2719 962 2771 aut
978 2711 1073 2788 pueri-

68 2793 144 2855 libus
163 2795 347 2855 santentiolis
363 2796 478 2856 lasciuit
498 2803 546 2854 aut
567 2794 722 2856 immodico
739 2804 852 2854 tumore
869 2795 1012 2872 turgescit
1027 2803 1075 2854 aut

67 2878 200 2939 inanibus
219 2879 294 2941 locis
319 2878 478 2941 bacchatur
499 2887 548 2939 aut
564 2879 692 2955 casuris,
717 2881 742 2938 si
759 2879 866 2939 leviter
881 2873 1073 2954 excutiantur,

68 2963 199 3024 tlosculis
216 2966 288 3024 nitet
303 2973 351 3025 aut
366 2963 537 3043 praecipitia
551 2979 606 3043 pro
622 2962 792 3023 sublimibus
806 2962 895 3023 babet
910 2972 958 3023 aut
972 2964 1074 3041 specie

69 3047 211 3108 libertatis
227 3050 341 3123 insanit,
356 3049 448 3125 magis
464 3048 629 3108 existimant
643 3047 787 3127 populare
803 3055 891 3126 atque
907 3047 1073 3126 plausibile.

69 3129 155 3203 Quod
183 3132 298 3211 quidem
324 3132 445 3211 placere
473 3131 570 3192 multis
596 3150 652 3192 nec
675 3133 782 3191 inlitior
808 3150 864 3192 nec
887 3132 985 3191 miror.
1021 3129 1124 3196 ttstnn

69 3216 144 3275 enim
165 3216 288 3277 iucunda
307 3218 369 3276 auri
390 3233 426 3275 ac
441 3214 611 3289 favorabilis
632 3216 840 3296 qualiscunque
862 3215 1029 3291 eloquentia
1046 3223 1076 3273 et

69 3299 147 3360 ducit
162 3301 272 3360 animos
288 3299 410 3361 naturali
425 3299 576 3377 uoluptate
591 3317 651 3360 vox
666 3303 773 3375 omnis,
790 3317 886 3379 nequo
901 3297 1016 3359 aliunde
1032 3297 1074 3358 illi

69 3401 123 3462 per
137 3384 202 3444 lora
220 3393 307 3463 atqua
323 3401 461 3462 aggerem
477 3383 594 3452 circuli;
618 3401 675 3464 quo
691 3386 784 3443 minus
800 3385 902 3443 mirum
918 3390 978 3457 ast,
996 3381 1075 3461 qnod

68 3467 139 3527 nulli
156 3484 214 3526 non
234 3470 380 3546 agentium
402 3475 501 3545 parata
518 3468 600 3546 vulgi
624 3483 735 3528 corona
756 3476 815 3527 est.
843 3465 1001 3607 bb‘uQuers
1016 3463 1141 3534 uuum

109 3572 138 3609 u.
160 3573 183 3609 s.
202 3557 360 3620 ournrrndl.
873 3549 896 3605 b
