2408 3854
316 110 321 122 ’
347 155 436 205 lusu.
450 151 773 224 onnroa.u1e.x,t.
1007 144 1062 208 185

57 313 237 394 frequentia,
255 322 285 373 ut
301 313 384 372 miles
403 319 548 372 concentu
563 313 726 390 signorum,
743 313 896 372 excitatur.
933 311 1104 393 Namquelt

58 409 88 460 et
102 398 296 459 difficiliorem
312 397 519 474 cogitationem
537 396 671 475 exprimit
692 405 722 455 et
742 395 865 475 expellit
879 396 994 458 dicendi
1014 416 1063 458 ne·

58 485 198 557 cessitas,
220 491 248 541 et
273 480 419 540 secundos
435 480 559 558 impetus
578 489 666 558 auget
681 479 816 559 placendi
832 481 948 559 cupido.
979 481 1063 542 Adeo

50 567 179 647 pretium
200 566 295 625 omnia
318 572 466 643 spectant,
495 572 525 622 ut
545 564 713 643 eloquentia
735 581 870 644 quoque,
903 582 1065 645 quanquam

57 651 206 731 plurimum
232 648 338 710 babeat
357 649 385 706 in
404 665 437 706 se
462 647 637 725 voluptatis,
658 649 781 709 maxime
803 657 897 708 tamen
917 652 1065 728 praesenti

56 737 151 796 iructu
175 733 267 793 laudis
293 732 498 810 opinionisque
524 729 654 791 ducatur.
695 729 759 792 Nec
785 733 936 812 quisquam
958 743 1107 799 tantumrss

57 820 125 892 fidat
140 818 275 896 ingenio,
292 823 323 875 ut
338 815 366 875 id
383 815 437 874 sibi
455 823 556 893 speret
567 817 716 894 incipienti
736 820 832 877 statim
846 834 937 895 posse
953 819 1062 878 coutin-

58 920 143 981 germ
172 901 235 978 sed,
259 901 333 959 sicut
361 901 389 958 iu
410 900 588 977 cogitatione
603 900 813 979 praecipimus,
840 903 879 961 ita
895 902 1064 964 facilitatem

58 1004 175 1066 quoque
199 983 427 1062 extemporalem
451 1000 467 1043 a
488 984 585 1062 paruis
606 985 693 1044 initiis
715 985 852 1063 paulatim
870 985 1063 1064 perducemus

57 1071 92 1131 ad
106 1088 252 1145 summam,
270 1086 344 1147 quae
359 1085 455 1146 neque
473 1067 577 1145 perfici
591 1085 687 1147 neque
703 1069 844 1128 contineri
859 1070 913 1128 uisi
930 1088 984 1129 usu
999 1079 1063 1149 pot·

57 1164 111 1215 est.
147 1151 284 1214 Ceterum
304 1153 460 1231 pervenire
483 1168 520 1210 eo
544 1151 647 1228 debet,
673 1160 704 1212 ut
724 1153 864 1230 cogitatio
884 1170 941 1212 non
964 1155 1105 1232 utique19

55 1240 160 1299 melior
175 1239 212 1297 sit
230 1254 265 1297 ea
276 1236 329 1296 sed
340 1237 442 1305 tutior;
462 1254 525 1295 curn
540 1235 614 1296 banc
626 1236 794 1297 facilitatem
805 1253 863 1296 non
877 1254 965 1316 prosa
976 1237 1063 1297 modo

56 1323 136 1386 multi
152 1323 209 1381 sint
227 1321 394 1395 consecuti,
417 1319 470 1380 sed
489 1322 575 1380 etiam
591 1321 731 1396 carmine,
755 1329 786 1380 ut
807 1320 961 1399 Antipater
980 1321 1063 1382 Sido·

56 1409 119 1467 nius
136 1415 165 1465 et
180 1404 304 1465 Licinius
318 1404 459 1472 Archias;
481 1404 656 1464 credendum
679 1406 753 1464 enim
770 1402 907 1465 Ciceroni
925 1414 984 1480 est3
1006 1423 1064 1465 non

57 1486 127 1571 quia¹
141 1493 248 1549 uostris
267 1506 384 1568 quoque
400 1488 585 1567 temporibus
608 1505 666 1548 non
689 1497 718 1549 et
736 1489 861 1550 iecerint
877 1489 991 1569 quidam
1006 1489 1063 1550 boc

58 1584 86 1635 et
102 1575 217 1634 iaciant.
253 1571 338 1647 Quod
353 1581 447 1632 tamen
462 1589 520 1631 nou
537 1574 630 1651 ipsum
650 1581 707 1632 tarn
723 1573 875 1652 probabile
892 1583 972 1652 puto,
997 1574 1062 1652 (ne-

57 1677 113 1737 que
131 1659 205 1718 enim
220 1655 309 1717 habet
323 1666 371 1717 aut
385 1673 468 1716 usurn
480 1673 528 1715 res
544 1665 593 1716 aut
607 1658 833 1737 necessitatem)
852 1675 937 1736 quam
958 1657 1063 1717 exhor·

57 1743 149 1802 tundis
166 1743 193 1800 in
209 1740 282 1801 banc
297 1758 390 1819 spem,
407 1741 456 1820 qui
470 1741 536 1800 foro
552 1748 787 1819 praeparantur„
798 1741 869 1800 utile
888 1741 1062 1820 exemplum.

56 1822 161 1904 Neque
182 1841 254 1884 vero
277 1834 356 1885 tauta
377 1842 445 1884 esse
465 1841 589 1903 unquam
612 1823 701 1884 debet
721 1823 825 1884 fiducia
846 1825 1013 1901 facilitatis,
1034 1835 1106 1890 utto

57 1927 114 1969 non
130 1909 221 1968 breve
234 1909 338 1969 saltem
355 1917 484 1986 tempus,
507 1907 585 1986 quod
605 1926 744 1986 nusquam
758 1909 821 1968 fere
839 1908 948 1984 decrit,
972 1908 1008 1968 ad
1028 1927 1062 1969 ea

57 2011 131 2074 quae
148 1992 252 2053 dicturi
268 1994 357 2053 simus
379 1991 558 2070 dispicienda
576 2009 734 2059 sumamus;
756 1993 785 2051 in
805 1992 918 2052 iudiciis
941 2009 976 2052 ac
997 1992 1062 2054 foro

57 2079 139 2137 datur
155 2078 281 2155 semper.
317 2074 421 2156 Neque
445 2077 519 2136 enirn
541 2075 690 2155 quisquam
707 2084 767 2152 est,
785 2077 834 2155 qui
849 2093 965 2136 causam
979 2094 1062 2155 quam

57 2179 115 2221 non
135 2161 268 2221 didicerit
289 2169 365 2239 agat.
411 2158 632 2220 Declamatorcs
662 2160 803 2240 quosdam
824 2178 965 2239 perversa
988 2161 1105 2226 ducitur

56 2245 184 2322 ambitio,
199 2254 230 2304 ut
246 2245 379 2323 exposita
396 2246 597 2305 controversia
611 2245 742 2323 protinus
758 2244 859 2306 dicere
873 2245 976 2315 velint;
995 2247 1063 2324 quin

57 2332 158 2406 etiam,
178 2329 256 2408 quod
279 2337 323 2389 est
338 2329 478 2408 inprimis
494 2328 628 2393 friuolum
644 2348 679 2390 ac
694 2332 859 2406 scenicum,
876 2323 1062 2409 verbum'pe·
1093 2326 1121 2402 ⁸,

55 2423 132 2489 taut,
151 2431 208 2491 quo
227 2414 373 2491 incipiant.
409 2412 468 2473 Sed
484 2422 540 2473 tam
557 2413 784 2474 contumeliosos
809 2415 838 2472 in
853 2431 887 2473 se
904 2412 978 2474 ridet
993 2415 1062 2473 invi·
1088 2427 1093 2438 ·

57 2516 121 2557 cern
146 2497 330 2574 eloquentia,
358 2504 388 2556 et
417 2498 466 2574 qui
486 2497 582 2557 stultis
602 2497 695 2557 videri
716 2496 819 2557 eruditi
841 2496 960 2571 volunt,
983 2496 1062 2556 stulti

57 2580 177 2640 eruditis
195 2579 365 2640 iudicantur.
399 2579 430 2639 Si
448 2597 503 2658 qua
515 2589 611 2640 tamen
622 2580 736 2640 fortuna
752 2589 808 2640 tam
823 2579 946 2638 subitam
960 2579 1106 2641 facerittl

57 2663 162 2742 agendi
174 2664 396 2723 necessitatem:
416 2662 569 2723 mobiliore
588 2664 711 2742 quodam
730 2681 803 2742 opus
820 2663 874 2722 erit
889 2663 1018 2740 ingenio,
1035 2671 1064 2722 et

56 2750 101 2807 vis
118 2748 209 2807 omnis
224 2745 397 2807 intendenda
411 2745 510 2823 rebus,
527 2756 556 2806 et
571 2749 599 2806 iu
615 2747 780 2825 praeseutia
795 2746 996 2806 remittendum
1012 2746 1063 2808 ali·

57 2833 125 2912 quid
142 2850 179 2891 ex
195 2850 264 2891 cura
281 2831 455 2906 verborum,
476 2832 502 2889 si
524 2832 665 2909 consequi
686 2839 839 2911 utrumque
858 2847 916 2890 non
939 2829 1061 2891 dabitur.

58 2916 128 2974 Turn
141 2924 170 2975 et
185 2916 294 2976 tardior
309 2915 504 2995 pronuntiatio
518 2931 615 2975 moras
626 2914 714 2976 babet
729 2924 759 2976 et
772 2924 915 2994 suspensa
933 2932 968 2976 ac
982 2913 1064 2976 velut

58 2998 189 3059 dubitans
205 3002 315 3076 oratio,
338 3009 368 3060 ut
383 3008 479 3059 tanuen
495 2999 660 3060 deliberare
675 3016 734 3060 non
744 2999 889 3061 haesitare
904 3000 1062 3061 videamur.
1092 3050 1101 3079 ,

58 3081 136 3158 Hoc,
153 3084 219 3143 dum
232 3085 431 3162 egredimur'e
446 3091 549 3163 portu,
566 3084 591 3143 si
606 3101 660 3144 nos
675 3084 800 3148 nondum
816 3085 919 3164 aptatis
933 3084 1003 3145 satis
1019 3087 1106 3142 arto

57 3168 206 3226 mamantis
224 3176 293 3244 aget
315 3177 433 3237 ventus;
455 3167 560 3228 deinde
585 3167 720 3247 paulatim
734 3167 818 3229 simul
834 3177 935 3228 euntes
953 3165 1064 3245 aptabi-

58 3269 119 3311 mus
135 3250 201 3310 vela
218 3260 246 3310 et
264 3251 450 3331 disponemus
467 3251 605 3315 rodentes
623 3261 653 3312 et
670 3254 783 3333 impleri
794 3253 873 3312 sinus
889 3249 1062 3330 optabimus.

57 3334 88 3396 ld
104 3335 217 3413 potius,
243 3353 326 3414 quam
353 3354 387 3397 se
407 3337 483 3397 lnaui
497 3335 655 3399 verborum
671 3337 794 3399 torrenti
809 3336 879 3396 dare
895 3334 977 3414 quasi
992 3342 1062 3393 tem·

57 3418 229 3498 pestatibus,
246 3438 303 3499 quo
319 3418 435 3500 volent,
451 3420 648 3482 auferendum.
