2408 3854
145 189 202 250 116
272 265 275 273 ,
457 200 829 260 u.nnn.oumr1n1nur

140 358 270 417 instruit.
316 354 360 416 Tu
375 374 483 429 caeos,
502 374 542 416 ue
561 356 747 418 consultores
760 357 805 418 tui
810 378 823 424 ‚·
847 357 914 432 iiie,
930 376 968 418 ne
980 357 1074 419 urbes
1092 365 1146 420 ant

98 449 247 503 obcastra
262 441 436 518 capiantur.
467 439 526 499 Sed
542 438 597 498 bac
613 439 705 516 gratia
722 440 848 500 nonfuit
864 447 1016 500 contentus
1033 450 1145 518 orator,

140 526 226 584 vertit
247 525 275 582 in
304 525 477 583 contrarium
493 522 614 582 eundem
630 523 764 600 figuram:
792 522 849 586 ttte
867 531 949 586 tenet
969 531 998 586 et
1011 527 1088 602 scit,
1113 534 1147 586 nt

141 610 268 670 noenum
282 609 409 687 copiae‚·
429 616 478 682 tu,
490 613 523 667 ut
537 625 637 685 aquae
646 609 771 686 ptuoiae
782 617 962 670 arceantur.
982 605 1041 671 tue
1054 629 1146 671 ecer-

98 695 252 754 3doitotur
277 695 309 752 in
331 691 545 770 propupandis
566 691 694 770 liuidus,
716 701 750 753 tu
767 695 800 753 iu
820 694 977 771 rependis.
1020 692 1147 754 Possunt

140 777 233 836 media
253 792 369 854 quoque
389 775 570 854 respondere
586 775 635 834 vel
651 776 765 856 primis:
787 785 818 835 ut

229 859 270 920 Te
283 879 389 921 nemus
402 856 580 939 Aupuitiae,
600 860 699 920 citrea
719 868 749 922 te
762 859 898 922 Facinus
912 862 1024 930 undat

141 944 189 1004 vel
204 944 325 1004 ultimis:
337 941 424 1005 Haec
436 946 526 1004 noces
541 951 649 1005 onusto
663 945 786 1022 proedo
801 943 975 1022 Siciliensi,
993 963 1061 1007 carn
1074 947 1147 1024 ipsa

141 1046 259 1106 quoqu
283 1036 361 1089 esset
381 1046 421 1105 ec
443 1028 575 1107 praeda.
624 1026 687 1109 Neo
713 1029 864 1107 quisquam
887 1027 1042 1104 dubitabit,
1069 1029 1146 1089 idem

141 1113 203 1171 lieri
229 1128 318 1189 posse
339 1112 450 1172 iteratis
471 1111 605 1189 utrinque
624 1111 737 1171 mediis.
783 1110 972 1192 Respondent
992 1112 1092 1191 primis
1117 1122 1146 1173 et

141 1194 254 1256 nidmu:
278 1193 365 1257 Multi
385 1205 413 1257 et
428 1215 542 1274 praees
562 1197 683 1259 dotores
702 1199 817 1258 inventi
829 1198 1009 1276 parentibus
1025 1205 1054 1259 et
1072 1215 1148 1276 pro-

98 1282 263 1358 35pinquis
283 1281 376 1342 multi.
418 1278 471 1340 Est
494 1289 523 1339 et
544 1279 614 1339 iliud
638 1280 791 1359 repet-endi
814 1299 923 1358 genus,
951 1280 1029 1359 quod
1051 1281 1145 1342 semel

140 1365 291 1443 proposita
306 1366 391 1424 iteret
406 1373 435 1423 et
452 1363 565 1424 dividit:

223 1447 342 1526 Ipbitus
358 1456 387 1510 ct
403 1447 503 1510 Pelias
524 1466 657 1525 mecum,
678 1464 806 1527 quorum
823 1446 943 1527 Ipbitus
963 1466 1039 1511 ocoo

224 1531 293 1593 Iam
305 1534 450 1611 pronior,
471 1529 574 1593 Potius
594 1540 622 1594 et
636 1533 762 1595 cunero
782 1535 893 1593 tardus
914 1529 1004 1594 Udini.

137 1606 298 1688 Ἐπάνοδος
320 1616 423 1676 dicitur
449 1614 577 1690 Graece,
604 1616 695 1675 nostri
725 1618 1006 1693 regressionem
1025 1625 1143 1677 vocant.

98 1698 200 1762 36Nee
217 1698 311 1758 solum
326 1702 353 1758 in
370 1698 473 1760 eodem
487 1718 574 1759 sensu
590 1701 642 1759 sed
659 1700 743 1759 etiam
758 1703 787 1759 in
803 1699 920 1760 diverso
937 1700 1038 1760 eadem
1052 1699 1145 1760 verbu
1180 1759 1181 1762 ,

142 1792 258 1842 eontra:
282 1782 459 1861 Principum
475 1785 608 1863 dionius
627 1793 694 1845 erat
708 1801 808 1861 paene
823 1802 902 1863 par,
922 1802 982 1847 nou
995 1802 1059 1863 por
1076 1785 1144 1864 sor-

139 1875 222 1929 tasse
243 1886 364 1945 eorum,
390 1871 443 1947 qui
467 1868 680 1948 sequebantur.
728 1867 845 1927 Interim
872 1869 999 1928 variatur
1027 1867 1143 1928 casibus

141 1951 214 2011 baec
237 1960 267 2011 et
291 1951 447 2030 generibus
470 1953 653 2013 retractatio:
678 1949 810 2032 Moenus
830 1959 875 2013 est
898 1952 986 2014 labor
1007 1952 1144 2028 dicendi,

140 2053 252 2112 mapno
272 2056 322 2096 res
342 2046 405 2107 est,·
428 2045 457 2095 et
480 2036 555 2114 apud
570 2035 705 2096 Rutilium
722 2036 809 2113 longa
830 2032 973 2120 περιόδῳ,
999 2034 1052 2095 sed
1069 2035 1145 2096 baec

141 2119 219 2179 initia
235 2122 441 2180 sententiarum
456 2130 536 2179 sunt:
556 2118 649 2181 Pater
667 2121 717 2181 bic
730 2122 823 2180 tuus?
847 2129 969 2199 patrem
983 2139 1066 2181 nunc
1084 2137 1143 2198 ap-

98 2203 261 2279 supertes?
280 2206 380 2281 patris
394 2206 438 2264 tui
452 2204 533 2283 pitius
550 2206 604 2265 os?
644 2202 690 2263 Fit
706 2203 820 2263 casibus
835 2206 921 2266 modo
941 2203 998 2264 boc
1013 2202 1143 2279 schema,

141 2284 218 2364 quod
234 2281 424 2347 uoidunnrou
444 2296 558 2347 vocant.
602 2288 744 2348 constent
759 2296 788 2347 et
803 2287 867 2348 aliis
883 2289 968 2348 etiam
985 2286 1093 2348 modis:
1114 2296 1144 2347 ut

141 2386 194 2448 pro
214 2366 363 2430 Cluentio:
388 2368 477 2443 Quod
491 2379 592 2434 autern
608 2381 725 2450 tempus
739 2373 848 2434 ameni
862 2372 982 2434 dandi?
1002 2371 1056 2434 itio
1069 2372 1143 2433 die?

140 2456 172 2514 in
192 2455 247 2515 itta
266 2456 462 2535 frequentia?
504 2454 565 2517 Per
586 2473 673 2536 quem
693 2473 787 2533 porro
809 2457 937 2517 datum?
956 2457 1040 2518 uude
1058 2474 1142 2519 sum

138 2541 245 2618 ptum?
266 2557 345 2620 quoe
357 2557 453 2618 porro
470 2542 649 2620 interceptio
667 2541 794 2619 poculi?
817 2558 874 2600 cur
889 2559 950 2601 uon
969 2539 1010 2601 de
1024 2540 1144 2619 iateque

100 2630 240 2686 ddautern
263 2627 388 2686 dotum?
428 2623 509 2685 Hanc
528 2642 624 2685 rerum
645 2625 825 2684 coniunctam
849 2623 1046 2684 diversitatem
1067 2621 1142 2684 Gae-

142 2707 223 2767 cilius
239 2700 402 2788 μεταβολὴν
416 2717 520 2785 vocet,
543 2709 636 2787 qualis
653 2717 698 2768 est
713 2725 767 2786 pro
783 2706 917 2768 Cluentio
939 2706 1023 2767 locus
1038 2707 1066 2767 in
1084 2705 1141 2786 Op-

141 2791 297 2867 pianicum:
318 2791 408 2856 tuum
427 2793 550 2855 tabutas
561 2794 705 2872 publicas
727 2789 836 2854 Larini
855 2792 1014 2853 censorium
1035 2809 1143 2854 corru-

21 2945 23 2949 .
139 2875 222 2950 pisse
238 2877 419 2940 comunes
439 2878 576 2940 omousi
588 2877 819 2952 iudicauerunt,
841 2875 971 2938 cumiib
984 2893 1071 2938 uento
1087 2883 1142 2937 ra·

139 2960 248 3020 tionem
266 2979 353 3022 nemo
372 2980 437 3022 rem
457 2961 551 3022 uttam
568 2961 781 3037 contradebat,
803 2978 891 3022 neusa
913 2960 999 3021 ilium
1020 2977 1061 3022 eo
1081 2967 1144 3022 tum

140 3043 241 3102 nutris
264 3046 402 3122 eopnotis
422 3050 450 3107 et
480 3043 624 3123 affluens
648 3052 777 3106 tutorem
797 3060 932 3123 unquam
952 3043 1059 3105 liberm
1077 3045 1143 3105 aris

98 3126 282 3204 asscripsit,
310 3137 339 3188 et
360 3129 499 3206 deinceps
522 3127 614 3188 adbuc
634 3127 731 3190 multa.
759 3127 808 3189 ⁴Ut
828 3127 903 3188 baec
923 3128 1055 3187 inunum
1073 3144 1142 3187 eon·

140 3219 292 3287 gematur:
310 3213 349 3273 ita
365 3220 464 3272 contra
480 3210 529 3271 illu
545 3211 677 3290 dispersa
693 3220 774 3287 sunt,
788 3228 862 3291 quae
875 3228 891 3270 a
904 3208 1050 3271 Cicerone
1067 3210 1142 3271 dis·

140 3295 261 3373 sipata
277 3295 334 3356 dici
351 3304 437 3375 puto:

289 3377 349 3441 Hie
365 3387 495 3460 sepcies,
511 3378 706 3441 itiicoeniunt
722 3380 845 3459 feticius
863 3398 955 3454 noae,

293 3461 424 3527 Arborei
436 3464 517 3543 setus
532 3463 618 3551 aiibi,
