2408 3854
328 164 417 214 rusa.
432 166 582 215 canrosa.
598 168 669 216 nro.
685 168 751 233 xrr,
768 165 811 219 11.
1036 152 1098 214 279

97 339 170 398 non,
193 321 320 396 Tyrtaei.
354 318 429 393 Quin
443 322 528 381 immo
545 323 571 380 si
587 322 661 381 hanc
678 322 884 397 cogitationem
899 321 1030 381 homines
1045 319 1095 380 ha·
1163 383 1164 386 ,

96 406 242 480 luissent,
258 413 289 464 ut
305 421 390 463 nemo
407 422 440 464 se
455 404 606 464 meliorem
623 405 688 463 iore
704 421 757 480 eo,
776 407 825 483 qui
841 405 966 482 optimus
980 404 1096 480 inisset,

97 488 296 549 arbitraretur:
326 488 355 547 hi
370 487 444 565 ipsi,
466 490 602 566 quisunt
623 489 738 568 optimi,
761 505 818 547 uon
838 487 977 563 luissent,
1000 506 1095 567 neque

97 580 164 650 post
186 568 349 630 Lucretium
372 588 407 630 ac
428 568 556 631 Macrum
571 568 720 648 Vergilius
741 589 798 631 nec
821 580 888 650 post
910 569 1046 632 Crassum
1068 579 1098 631 et

96 654 279 714 Hortensium
294 651 403 716 cicero
419 653 473 714 sed
486 670 542 715 uec
555 655 608 731 illi,
623 657 672 734 qui
685 663 755 734 post
770 671 822 716 eos
836 655 961 716 inierunt.
988 654 1139 717 Verumtd

96 749 128 798 ut
144 737 310 798 transeundi
326 755 396 816 spes
411 752 469 796 nou
486 740 538 798 sit:
558 756 662 817 magna
684 748 779 799 tamen
795 748 840 799 est
855 738 979 816 dignitas
994 738 1096 798 subse·

97 820 212 900 quendi.
248 821 294 880 An
320 820 415 882 Pollio
443 830 472 881 et
496 820 641 898 Messala,
671 824 720 902 qui
748 825 803 884 iam
830 820 974 884 cicerone
999 840 1097 882 arcem

96 913 214 965 tenente
230 905 417 986 eloquentiae
432 923 522 983 agere
539 914 717 984 coeperunt,
739 925 840 985 parum
859 908 887 966 in
901 907 959 968 vita
976 907 1097 984 diguita-

96 991 133 1048 tis
148 988 324 1066 habuerunt,
341 1006 441 1068 parurn
454 989 490 1050 ad
506 998 642 1068 posteros
657 989 771 1067 gloriae
787 989 987 1051 tradiderunt?
1015 990 1097 1051 Alio-

99 1074 147 1151 qui
166 1073 292 1151 pessime
317 1073 355 1135 de
376 1072 465 1133 rebus
485 1072 615 1133 humanis
637 1072 796 1151 perductae
819 1075 847 1133 in
866 1090 1003 1149 summum
1018 1082 1097 1134 artes

98 1165 293 1232 mererentur,
310 1159 352 1234 si,
369 1156 448 1235 quod
463 1159 617 1236 optimum,
638 1157 750 1217 luisset.
784 1156 872 1236 Adde
885 1157 964 1236 quod
978 1163 1140 1235 magnoszd

98 1240 211 1300 modica
233 1257 351 1319 quoque
378 1239 544 1318 eloquentia
570 1243 646 1320 parit
664 1240 792 1316 lructus,
815 1258 866 1316 ac,
889 1242 914 1301 si
936 1242 1000 1320 quis
1024 1242 1098 1303 laec

98 1323 192 1383 studia
216 1325 336 1385 utilitate
358 1323 422 1384 sola
443 1325 592 1401 metiatur,
614 1343 709 1404 paene
731 1324 775 1385 illi
793 1325 946 1404 perfectae
966 1342 1020 1404 par
1043 1333 1097 1385 est.

99 1405 202 1485 Neque
221 1416 283 1468 erat
303 1406 423 1468 difficile
444 1408 491 1469 vel
506 1408 655 1469 veteribus
676 1408 726 1469 vel
746 1410 829 1469 novis
846 1409 988 1487 exemplis
1004 1408 1100 1488 palam

99 1490 217 1566 lacere,
233 1508 291 1551 non
305 1491 419 1552 aliunde
429 1493 561 1553 maiores
578 1510 668 1572 opes,
689 1493 833 1570 honores,
858 1493 1014 1569 amicitias,
1038 1492 1098 1554 lau·

101 1575 167 1634 dem
180 1584 372 1651 praesentem,
389 1573 512 1636 futurum
522 1576 683 1637 hominibus
697 1578 871 1656 contigisse:
887 1578 942 1636 nisi
954 1577 1100 1655 indignum

101 1657 204 1717 litteris
225 1667 320 1733 esset,
348 1657 385 1719 ab
407 1674 499 1737 opere
521 1659 733 1739 pulcherrimo,
756 1662 837 1722 cuius
857 1669 997 1720 tractatus
1012 1669 1100 1739 atque
1137 1699 1165 1714 .„

102 1743 164 1819 ipsa
185 1744 337 1819 possessio
356 1741 553 1821 plenissimam
574 1744 675 1804 studiis
697 1746 819 1822 gratiam
833 1743 941 1818 reiert,
959 1742 1035 1803 hanc
1049 1745 1100 1818 mi·

102 1841 202 1884 norem
218 1827 339 1904 exigere
352 1827 529 1905 mercedem,
545 1845 626 1888 more
641 1846 752 1904 eorum,
769 1829 818 1907 qui
832 1845 849 1888 a
865 1844 898 1887 se
910 1843 969 1890 non
979 1827 1101 1886 virtutes

103 1908 155 1968 sed
176 1909 370 1988 voluptatem,
392 1928 468 1990 quae
487 1911 519 1972 lit
534 1931 572 1972 ex
595 1912 765 1987 virtutibus,
786 1911 847 1991 peti
867 1911 975 1971 dicunt.
1006 1908 1147 1988 ipsanao

103 1992 191 2068 igitur
206 1992 306 2052 orandi
319 1995 514 2071 maiestatem,
529 2012 585 2074 qua
601 1994 670 2054 nihil
688 1994 727 2056 dii
741 1990 1035 2055 immortales'mclius
1046 1993 1102 2053 lro-

103 2076 169 2133 mini
187 2075 344 2155 dederunt,
363 2088 393 2139 et
407 2097 463 2158 qua
477 2088 590 2139 remota
606 2087 682 2139 muta
699 2087 764 2139 sunt
780 2080 873 2138 omnia
888 2087 918 2139 ct
935 2077 1001 2139 lucc
1019 2094 1102 2156 prae·

104 2160 179 2221 senti
200 2180 234 2222 ac
253 2164 392 2223 memoria
415 2164 594 2241 posteritatis
620 2172 735 2239 carent,
763 2171 824 2223 toto
851 2164 944 2223 animo
973 2170 1104 2240 petamus

104 2247 283 2325 nitamurque
302 2262 419 2325 semper
434 2246 470 2308 ad
485 2249 609 2326 optima,
631 2246 709 2326 quod
724 2246 865 2310 iacientes
881 2255 930 2308 aut
947 2245 1103 2307 evadamus

40 2355 42 2359 ·
104 2331 134 2389 in
150 2346 288 2389 summum
304 2338 352 2389 aut
368 2339 448 2391 certe
462 2331 568 2392 multos
583 2331 656 2391 inira
671 2347 726 2390 nos
743 2330 913 2391 videbimus.

188 2411 269 2474 llaec
286 2423 378 2489 erant,
395 2411 536 2476 Marcelle
551 2414 674 2491 Victori,
692 2410 796 2494 quibus
812 2423 973 2492 praccepta
990 2411 1145 2474 dicendidl

107 2513 160 2573 pro
179 2496 255 2556 virili
276 2506 358 2575 parte
381 2496 510 2560 adiuuari
525 2516 615 2578 posse
630 2516 685 2578 per
699 2515 753 2558 nos
767 2497 955 2572 videbantur,
983 2502 1105 2575 quorum

104 2581 234 2656 cognitio
250 2580 387 2640 studiosis
403 2581 559 2643 iuvenibus.
576 2583 600 2642 si
616 2599 674 2641 nou
690 2598 821 2659 magnam
836 2580 988 2641 utilitatem
1003 2578 1106 2640 afferet

104 2671 135 2722 at
151 2672 249 2740 certe,
267 2664 344 2743 quod
361 2667 453 2742 magis
468 2667 609 2744 petimus,
625 2664 730 2726 bonam
743 2663 928 2724 voluntatem.
