2408 3854
136 159 194 221 194
457 170 491 216 m
507 165 818 226 annosissimam

135 324 226 398 Quam
242 324 346 401 dignae
363 322 477 383 Milonis
501 324 530 382 in
545 321 733 402 peroratione
749 322 812 399 ipsa
826 337 919 380 voces
935 338 971 380 eo
988 322 1069 398 viro,
1090 324 1141 402 qni

133 426 187 488 pro
209 425 242 468 re
264 403 390 486 publica*
402 407 572 467 seditiosum
595 407 687 465 civem
705 406 811 464 totiens
830 406 1062 482 compescuisset
1078 407 1141 485 qui·

94 502 190 572 lique
207 491 325 552 insidias
341 492 446 551 virtute
469 486 660 568 superasset?
690 486 823 566 Denique
845 505 902 547 nou
923 487 1011 549 modo
1026 498 1098 569 quot
1113 492 1142 552 in

134 594 220 636 causa
237 574 356 651 totidem
371 576 399 633 in
415 575 634 654 prosopopoeia
650 580 717 632 sont
730 573 900 649 varietates,
915 572 968 632 sed
982 571 1041 634 hoc
1055 576 1142 634 etiam

134 660 249 739 plures,
267 659 345 738 quod
360 660 388 718 in
402 657 446 717 his
461 674 632 737 puerorum,
651 657 829 732 feminarum,
846 655 1032 735 populorum,
1051 667 1140 718 muta·

133 762 194 804 rum
210 744 296 803 eiiam
315 760 412 802 rernm
433 741 631 801 assimulamus
654 740 793 816 auectus,
819 739 924 820 quibus
942 740 1073 802 omnibus
1091 741 1142 801 de·

94 828 219 892 libetur
233 844 301 885 snus
316 826 417 887 decor.
448 823 557 886 Eadem
573 825 666 900 iniis,
689 840 743 902 pro
760 824 864 902 quibus
879 840 1015 902 agemus,
1039 824 1142 885 obser·

135 910 226 970 vanda
242 920 317 970 suut.
343 909 437 970 Aliter
450 910 524 969 enim
540 926 594 987 pro
610 908 667 969 alio
680 924 771 986 saepe
783 907 935 969 dicendum
947 917 1003 984 εει,
1019 918 1050 968 ut
1063 911 1142 988 quis·

136 1013 192 1072 que
214 993 372 1069 honestus,
396 993 526 1069 humilis,
548 992 726 1067 invidiosus,
749 991 918 1052 favorabilis
940 992 1010 1067 erit,
1027 992 1143 1055 adiecta

135 1078 351 1156 propositorum
378 1095 494 1155 quoque
516 1085 545 1136 et
567 1084 718 1137 anteactae
740 1077 817 1136 vitae
838 1075 1009 1135 differentia.
1038 1076 1142 1136 lucun-

135 1161 250 1221 dissima
268 1163 382 1220 veroin
399 1170 516 1221 oratore
531 1161 700 1235 humanitas,
720 1159 855 1235 facilitas,
873 1159 1044 1235 moderatio,
1061 1160 1142 1220 heni-

136 1245 271 1304 rolentia.
298 1245 358 1305 Sed
369 1246 419 1305 illa
435 1262 551 1324 quoque
564 1245 678 1304 diversa
689 1243 796 1302 honum
809 1245 902 1302 virum
914 1243 1032 1303 decent:
1049 1245 1143 1305 malos

134 1328 244 1404 odisse,
263 1328 380 1407 publica
395 1330 460 1388 vice
478 1328 666 1402 commoveri,
684 1328 774 1387 ultum
785 1328 827 1387 ire
841 1326 957 1386 scelera
970 1335 1000 1386 et
1012 1328 1144 1404 iniurias,

136 1422 165 1472 et
181 1414 286 1488 omnia,
304 1420 335 1471 ut
351 1413 430 1472 initio
447 1412 516 1488 dixi,
536 1410 668 1471 honesta.

89 1509 126 1563 -43
219 1494 283 1555 Nec
307 1504 430 1571 tantum,
454 1496 518 1573 quis
542 1505 571 1554 et
593 1512 647 1574 pro
669 1511 726 1574 quo
747 1495 801 1554 sed
823 1496 907 1554 etiam
926 1496 1022 1573 apnd
1038 1512 1143 1573 quem

69 1651 73 1657 .
136 1579 231 1655 dicas,
250 1580 380 1638 interest.
412 1578 494 1639 Facit
509 1580 585 1639 enim
601 1588 631 1640 et
648 1579 762 1638 lortuua
779 1579 933 1638 discrimen
950 1587 979 1638 ot
996 1587 1141 1656 potestas,

135 1680 190 1721 nec
206 1661 306 1722 eadem
325 1662 402 1740 apud
419 1664 594 1741 principem,
617 1661 830 1739 magistratum,
844 1671 1026 1737 senatorem,
1047 1663 1142 1739 priva-

115 1813 120 1822 ,
135 1756 202 1821 tum,
220 1754 327 1807 tantum
339 1746 462 1806 liberum
476 1748 550 1806 ratio
564 1755 619 1822 est,
639 1765 694 1806 uec
708 1745 811 1824 eodem
823 1763 897 1805 sono
909 1745 1025 1824 publica
1037 1745 1143 1806 iudicia

93 1838 164 1896 44et
186 1828 358 1890 arbitrorum
381 1830 608 1909 disceptationes
631 1838 762 1906 aguntur.
798 1827 869 1888 Nam
885 1838 915 1888 ut
937 1837 1067 1888 orantem
1087 1846 1141 1907 pro

137 1913 231 1991 capite
253 1914 419 1974 sollicitudo
441 1915 545 1974 deceat
562 1922 591 1973 et
608 1932 676 1974 cura
695 1922 724 1972 et
739 1931 840 1973 omues
856 1913 893 1973 ad
913 1912 1142 1991 amplificandam

136 1997 296 2057 orationem
318 1999 399 2076 quasi
420 1996 587 2057 machinae:
614 1998 653 2058 ita
674 1998 703 2056 in
722 1998 820 2077 parvis
837 1996 925 2056 rebus
941 1996 1144 2074 iudicibusque

135 2097 208 2140 vana
223 2082 280 2140 sint
295 2081 407 2155 eadem,
428 2081 612 2159 rideaturque
629 2083 743 2156 merito,
760 2081 808 2160 qui
824 2079 899 2158 apud
915 2081 1142 2158 disceptatorem

136 2162 172 2221 de
188 2182 220 2222 re
234 2162 381 2223 levissima
406 2164 512 2223 sedens
529 2164 656 2224 dicturus
672 2173 768 2224 utatur
791 2164 840 2224 illa
856 2161 1007 2223 Ciceronis
1025 2163 1142 2223 ocules·

136 2247 234 2322 sione,
255 2265 314 2307 oon
339 2249 427 2307 modo
449 2266 483 2308 se
504 2250 604 2309 ocimo
627 2249 807 2309 commoveri
827 2248 990 2308 sedetiam
1011 2266 1144 2325 corpore

92 2330 199 2407 adipso
212 2331 460 2409 perhorrescere.
490 2329 561 2404 Quis
575 2348 647 2390 vero
663 2332 791 2406 nesciat,
814 2339 919 2411 quanto
935 2330 1013 2390 aliud
1027 2331 1143 2391 dicendi

135 2431 227 2489 genus
252 2421 356 2491 poscat
376 2415 503 2490 gravitas
525 2417 670 2474 senatoria
696 2414 772 2473 aliud
794 2432 862 2474 aura
877 2413 1049 2493 popularis?
1076 2432 1141 2473 cum

136 2498 221 2555 etiam
236 2497 358 2580 singulis
374 2497 565 2557 iudicantibus
587 2516 644 2558 nou
665 2499 739 2558 idem
754 2494 829 2575 apud
844 2516 950 2574 graves
966 2499 1046 2557 viros
1062 2497 1141 2576 quod

136 2580 279 2657 leviores,
301 2599 358 2641 non
379 2582 454 2641 idem
476 2582 551 2659 apud
573 2581 711 2642 eruditum
728 2582 805 2660 quod
828 2582 979 2641 militarem
1001 2599 1036 2640 ac
1056 2581 1141 2640 rusti·

136 2681 199 2724 oum
217 2665 336 2740 deceat,
353 2668 448 2744 sitque
463 2684 664 2745 nonnunquam
680 2667 881 2725 summittenda
898 2675 927 2724 et
944 2664 1143 2724 contrahenda

136 2749 238 2822 oratio,
257 2768 294 2808 ue
309 2751 397 2810 iudex
413 2767 476 2809 eam
492 2750 724 2828 velintelligere
739 2749 787 2809 vel
805 2767 912 2827 capere
929 2765 987 2808 non
1002 2749 1106 2827 possit.

17 2842 34 2887 .·
94 2835 127 2889 io
170 2874 175 2888 .
221 2831 345 2910 Tempus
370 2850 487 2912 quoque
509 2852 543 2893 ac
566 2834 648 2894 locus
672 2843 761 2910 egent
787 2832 994 2892 observatione
1010 2832 1140 2910 propria.

136 2910 206 2970 Nam
224 2924 252 2973 et
268 2924 380 2994 tempus
398 2925 456 2975 tum
472 2919 564 2993 triste,
581 2927 639 2977 tum
657 2919 772 2993 laetum,
789 2926 847 2976 tum
862 2914 998 2990 liberum,
1017 2923 1075 2974 tum
1092 2932 1141 2974 an·

92 2999 247 3071 digestum
268 3007 328 3074 est,
353 3007 439 3077 atque
465 2999 501 3060 ad
522 2999 704 3061 haecomnia
727 2999 944 3078 componendus
971 3007 1084 3064 orator;
1113 3007 1143 3057 et

137 3078 204 3139 loco
220 3079 338 3159 publico
357 3085 517 3160 privatone,
536 3084 645 3143 celebri
661 3102 696 3143 an
714 3092 841 3159 secreto,
859 3083 953 3143 aliena
971 3083 1088 3142 civitate
1105 3099 1142 3140 an

136 3171 193 3239 tua,
210 3163 238 3221 in
255 3167 357 3225 castris
373 3164 498 3244 denique
513 3184 549 3225 an
564 3167 629 3226 loro
648 3166 743 3242 dicas,
767 3167 886 3227 interest
912 3166 1079 3244 plurimum,
1105 3181 1142 3224 ac

136 3263 215 3306 suam
230 3247 356 3328 quidque
371 3248 491 3308 iormam
506 3258 536 3308 ει
550 3250 697 3328 proprium
713 3251 854 3327 quendam
869 3249 984 3309 modum
999 3249 1141 3327 eloquen-

136 3330 193 3389 tiae
210 3333 319 3410 poscit:
348 3349 412 3391 cum
432 3333 516 3391 etiam
533 3333 561 3391 in
583 3334 689 3392 ceteris
712 3333 822 3393 actibus
844 3335 920 3393 vitae
943 3333 1093 3393 non'idem
1110 3331 1139 3392 in

137 3411 219 3492 loro,
238 3417 330 3493 curia,
348 3432 467 3496 campo,
488 3415 617 3494 theatro,
636 3415 712 3477 domi
727 3418 825 3478 iacere
845 3418 1011 3486 conveniam
1029 3424 1060 3475 et
1077 3413 1138 3494 ple·
