2408 3854
340 194 739 259 spumantemamnem,
755 184 782 242 l.
1006 185 1062 246 191

59 352 188 431 quamvis
204 350 321 410 multum
337 357 418 408 esset
434 350 463 408 in
478 348 535 409 hoc
551 366 669 429 quoque
684 353 830 426 momenti,
848 360 913 411 uter
924 349 959 410 ad
976 368 1063 428 agen·

59 434 124 494 dum
139 435 230 512 magis
245 434 368 493 idoneus
388 435 518 508 veniret,
543 432 658 493 dicendi
679 442 773 493 tamen
789 434 955 495 facultatem
972 437 1063 513 magis

58 518 101 578 illi
116 517 240 577 detraxit
257 535 341 597 quam
357 518 503 594 arrogavit
519 515 592 592 sibi,
610 535 712 597 ‚seque
731 534 789 577 non
807 527 996 578 consecutum
1010 520 1063 579 sed

58 603 161 663 omnia
180 602 306 680 fecisse,
327 608 361 661 ut
378 609 483 678 posset
498 618 567 660 eam
582 603 737 679 consequi,
761 601 842 661 dixit.
882 601 914 661 ln
931 602 1104 680 epistolisil

58 683 213 765 aliquando
231 683 411 744 familiariter
425 682 501 762 apud
516 682 642 761 amicos,
666 701 866 765 nonnunquam
888 687 917 744 in
940 685 1064 762 dialogis

58 770 152 830 aliena
164 777 260 827 tamen
272 784 399 845 persona
411 785 510 826 verum
523 765 559 826 de
572 767 738 847 eloquentia
750 787 800 829 suu
813 769 891 829 dicit.
914 768 952 829 Et
963 779 1064 848 aperte

59 862 154 912 tamen
179 850 298 928 gloriari
320 851 421 911 nescio
442 869 478 910 an
498 851 535 909 sit
560 853 652 928 magis
674 852 828 913 tolerabile
849 854 898 913 vel
920 855 985 932 ipsa
1002 854 1064 912 vitii

60 936 143 995 huius
159 934 360 1013 simplicitate,
377 952 461 1014 quam
475 934 524 993 illa
539 934 567 992 in
583 936 739 995 iactatione
757 935 913 1014 perversa,
936 938 960 997 si
976 935 1063 1000 abun·

59 1021 129 1079 dans
146 1019 251 1097 opibus
266 1036 427 1098 pauperem
443 1035 494 1093 se,
518 1017 623 1078 nobilis
645 1018 800 1080 obscurum
822 1029 851 1080 et
868 1029 972 1099 potens
987 1021 1063 1080 inlir·

58 1122 133 1162 mum
155 1112 185 1162 et
208 1102 332 1162 disertus
353 1103 515 1180 imperitum
529 1101 616 1180 plane
639 1111 669 1163 et
684 1103 821 1163 infantem
835 1113 933 1164 vocet.
966 1102 1105 1166 ambi-ua

58 1189 163 1247 tiosum
186 1185 331 1264 gloriandi
352 1203 445 1264 genus
475 1193 520 1245 est
545 1187 630 1245 etiam
652 1187 797 1247 deridere.
833 1186 881 1246 Ab
902 1186 967 1247 aliis
990 1205 1063 1265 ergo

58 1270 222 1338 laudemur;
241 1288 306 1330 nam
317 1271 410 1349 ipsos,
428 1278 458 1329 ut
472 1267 686 1330 Demosthenes
699 1273 748 1347 ait,
764 1273 956 1348 erabescere,
972 1273 1064 1334 etiam

60 1374 127 1416 cum
150 1355 190 1415 ad
215 1356 287 1416 aliis
311 1353 528 1431 laudabimur,
556 1355 652 1416 decet
691 1354 795 1435 Neque
817 1354 873 1415 hoc
896 1354 979 1432 dico,
1005 1372 1063 1414 non

58 1436 213 1519 aliquando
230 1439 267 1499 de
285 1437 373 1498 rebus
390 1458 406 1498 a
428 1456 460 1498 se
476 1438 569 1516 gestis
587 1440 695 1499 oratori
713 1457 781 1499 esse
797 1439 966 1516 dicendum,
989 1441 1064 1499 sicut

60 1523 155 1583 eidem
170 1521 360 1582 Demostheni
382 1540 436 1601 pro
458 1520 665 1601 Ctesiphonte;
693 1524 771 1604 quod
792 1532 888 1584 tamen
908 1525 947 1584 ita
965 1542 1061 1584 emen-

59 1607 152 1683 davit,
178 1616 209 1683 nt
234 1607 441 1666 necessitatem
467 1607 496 1666 id
520 1605 646 1667 faciendi
672 1608 1061 1686 ostenderetinvldiamque

59 1708 172 1750 omnem
188 1693 216 1750 in
232 1709 297 1751 eum
312 1699 484 1768 regeneret,
507 1691 554 1768 qui
571 1690 628 1750 hoc
644 1709 677 1751 se
696 1693 854 1769 coegisset.
889 1690 926 1750 itt
940 1689 978 1749 ll.
996 1690 1106 1754 Tol-23

58 1775 114 1834 lius
130 1792 220 1853 saepe
237 1775 307 1835 dicit
322 1774 358 1834 de
370 1792 515 1853 oppressa
528 1775 727 1835 coniuratione
740 1772 894 1842 Catilinam
912 1775 965 1834 sed
976 1775 1062 1834 modo

58 1858 87 1917 id
113 1859 209 1917 virtuti
235 1867 353 1918 senatus
378 1858 465 1918 modo
492 1857 692 1935 providentiae
719 1858 838 1918 deornm
863 1858 1062 1918 immortalium

58 1943 197 2019 assignat
219 1941 392 2021 Plerumque
408 1949 507 2002 contra
523 1942 653 2001 inimicos
669 1951 754 2021 atque
771 1941 985 2002 obtrectatores
997 1941 1062 2020 plus

59 2025 184 2086 vindicat
199 2025 264 2086 silti.
295 2024 385 2086 Erant
401 2025 475 2085 enim
493 2024 610 2101 tuenda,
629 2044 693 2085 cum
711 2026 917 2086 obiicerentur.
952 2024 985 2084 ln
1001 2035 1105 2087 car-24

56 2108 178 2251 qninibus
194 2112 299 2170 utinam
315 2110 517 2188 pepercisset,
534 2126 609 2188 quae
624 2127 681 2170 non
699 2109 846 2170 desierunt
863 2126 987 2188 carpere
1005 2127 1061 2168 ma·
1105 2189 1108 2194 ἡ

69 2213 76 2250 l
137 2215 143 2253 :

79 2211 127 2269 ἕω
184 2274 304 2341 Cedant
319 2297 409 2339 arma
424 2285 523 2357 taque,
539 2279 690 2342 concedat
703 2280 814 2340 laurea
828 2278 917 2339 laudi
921 2299 937 2347 ,·

57 2369 86 2418 et

201 2442 227 2505 0
241 2446 430 2524 fortunatam
444 2455 550 2507 natam
564 2464 613 2507 mc
628 2446 751 2508 consede
768 2445 895 2507 Romam
902 2467 916 2513 ‚·
957 2461 960 2465 ·

58 2536 86 2585 et
101 2525 203 2588 lovem
223 2529 319 2604 illum,
338 2548 359 2590 a
379 2544 437 2607 quc
451 2532 484 2590 in
505 2529 666 2590 concilium
684 2529 811 2590 deorum
825 2528 1017 2595 aduocatam·
1033 2535 1062 2585 et

58 2607 244 2685 Minervam,
268 2626 349 2689 quac
370 2620 456 2673 artes
478 2632 546 2673 mm
568 2613 690 2682 docuit,·
712 2628 787 2690 quac
804 2609 859 2669 sibi
876 2609 927 2669 ille
944 2617 1062 2668 secutus

59 2693 200 2770 quaedam
217 2691 395 2754 Graecorum
413 2695 547 2773 exempla
567 2695 750 2774 permiserat.

141 2776 250 2838 Verum
270 2778 457 2858 eloquentiae
472 2787 502 2838 ut
519 2778 659 2838 indecora
674 2777 791 2838 iactatio
806 2778 844 2837 ita
862 2785 1104 2855 nonnunquamua

58 2862 246 2923 concedenda
261 2862 367 2923 fidncia
383 2870 437 2922 est.
469 2861 540 2921 Nam
557 2862 621 2941 quis
636 2860 833 2940 reprehendat
854 2861 945 2921 haec:
979 2857 1062 2933 Quid

53 2947 181 3022 putem?
201 2955 438 3027 contemptumne
455 2947 524 3007 mc?
560 2943 628 3008 Nan
643 2945 734 3008 cideo
750 2964 808 3008 nec
823 2947 855 3005 in
873 2945 937 3006 cita
952 2962 1010 3007 uec
1029 2945 1062 3005 in

56 3029 161 3105 qratia
186 3050 245 3093 nec
266 3034 299 3093 in
320 3033 414 3092 redas
433 3032 528 3109 pestis
548 3049 608 3091 uec
626 3031 659 3090 in
680 3029 741 3091 doc
761 3048 830 3092 mea
850 3029 1062 3091 mediocritate
1174 3052 1176 3057 ·

57 3112 181 3190 ingenii,
196 3116 271 3193 quid
282 3116 443 3194 despicere
450 3116 549 3195 possit
559 3111 732 3176 Antonius?
747 3112 785 3173 m
797 3112 883 3193 paulo
897 3121 964 3192 post
975 3129 1059 3191 aper·
1069 3118 1104 3172 26

58 3195 128 3254 tius:
148 3193 196 3257 An
212 3199 374 3262 decertare
388 3218 506 3262 mecam
518 3200 613 3261 coluit
627 3200 812 3260 contentione
827 3197 975 3259 dicendi?
996 3191 1062 3257 Hoc

58 3280 181 3356 quidem
202 3282 379 3360 beneficium
397 3291 451 3347 est.
487 3281 570 3356 Quid
589 3285 667 3344 enim
683 3284 820 3362 plenius,
842 3280 917 3359 quid
936 3278 1063 3340 abemus
1102 3336 1105 3341 .
1190 3338 1192 3343 .

58 3378 150 3441 quam
170 3365 243 3426 milti
263 3373 292 3427 et
309 3385 367 3446 pro
386 3385 434 3427 me
450 3375 483 3428 et
498 3375 607 3428 castra
627 3363 790 3428 Antonium
804 3363 935 3426 dicere?

143 3449 324 3527 Arrogantes
342 3459 371 3510 et
388 3448 445 3526 illi,
462 3451 510 3528 qui
530 3469 562 3510 se
582 3449 729 3509 iudicasse
745 3449 782 3508 de
801 3465 894 3507 cansa
903 3464 966 3504 nee
979 3443 1115 3502 stanuum

1110 3550 1140 3583 A
