2408 3854
140 209 198 272 118
458 223 495 270 ιι
505 221 586 273 nan.
600 220 819 280 ooruurnuru

137 397 196 458 quo
216 378 360 456 coepisti,·
381 376 530 455 eqredere
543 376 709 455 αλίᾳαιιιιιλο
727 392 767 435 ea
787 375 879 451 urbe,
899 383 1005 453 nuent
1018 385 1141 454 nouae,

94 471 129 525 46
136 462 344 541 proficescere
381 458 441 519 lu
433 478 461 518 nr
473 459 594 518 eundem
605 458 662 518 alio
679 457 769 518 libro:
786 455 885 534 Abiit,
902 462 1050 536 excessit,
1067 480 1140 522 eru·

134 548 199 625 pit,
217 546 323 607 euasit.
365 542 429 603 Hoc
444 540 574 602 Caecilio
588 502 912 619 ιιλεανασμόςιλάιιιι,
929 542 957 602 id
972 552 1034 619 est,
1051 543 1140 604 abun·
1183 546 1187 553 '

17 623 19 626 ’
138 630 207 689 dans
227 645 316 706 super
334 627 539 686 necessitatem
559 627 668 686 oratio:
695 628 769 685 sicut
788 625 839 685 illa
857 624 928 686 Vidi
943 629 1048 689 oculos
1068 637 1142 690 ante

136 717 203 791 ipse
218 731 308 773 meas.
352 711 383 771 ln
405 710 457 770 illo
479 712 552 770 eninr
566 711 631 770 cidi
649 711 726 770 inest
739 711 816 788 ipre.
856 708 965 768 Verum
979 710 1022 785 io,
1038 719 1069 771 ut
1082 711 1142 772 alio

138 813 254 875 quoque
278 795 346 855 loco
369 795 444 869 dixi,
468 812 531 854 cum
552 811 733 872 supervacua
746 802 882 853 oneratur
899 792 1077 871 adiectione,
1099 797 1142 854 vi·

137 883 206 940 tium
229 888 288 946 est;
322 895 386 938 cum
409 887 496 956 auget
521 886 570 939 aut
593 878 756 937 manifestat
783 877 953 936 sententiam
978 879 1053 938 siout
1081 877 1141 953 hic,

136 966 237 1022 virtus.
286 960 375 1038 Vidi,
404 963 489 1040 ipse,
522 963 737 1060 anteuenias,
769 960 888 1020 totidem
914 970 979 1020 sunt
1007 963 1141 1022 affectus.

95 1046 196 1106 altior
222 1054 317 1106 tamen
343 1046 417 1107 haec
444 1047 563 1125 proprie
592 1047 706 1105 nomine
730 1043 780 1105 tali
808 1044 929 1121 notarit,
959 1062 1017 1105 nou
1043 1045 1140 1105 video

137 1129 210 1190 Nam
227 1138 257 1189 et
276 1107 431 1208 geiniuatio
448 1138 477 1188 et
492 1130 627 1208 repetitio
649 1138 678 1189 et
693 1128 902 1207 qualiscunque
917 1128 1042 1189 adiectio
1059 1133 1142 1190 ulco-

138 1206 249 1292 νασμός
267 1214 360 1274 videri
377 1222 485 1293 potest.
529 1212 593 1273 Nec
613 1213 703 1273 verba
723 1212 809 1272 ruodo
831 1213 884 1273 sed
903 1230 1008 1273 sensus
1023 1230 1143 1292 qnoque

138 1296 213 1357 idem
241 1297 382 1357 iacientes
410 1306 597 1357 acervantur:
641 1295 834 1359 Perturbutio
858 1299 949 1358 istum
979 1299 1088 1358 mentis
1116 1306 1145 1358 et

138 1381 291 1460 quaedam
307 1383 457 1442 scelerum
475 1381 574 1463 offusa
590 1382 689 1459 culiae
709 1388 737 1442 et
758 1382 955 1442 ardentes
920 1381 1075 1460 furiarum
1091 1382 1142 1458 fa-

139 1482 192 1525 ces
212 1467 394 1526 excitarunt.

96 1551 131 1605 48
224 1544 427 1625 Congerantur
443 1556 472 1607 et
489 1547 546 1607 div
556 1565 652 1608 orsa:
676 1545 804 1625 Mulier,
817 1549 942 1628 mranui
957 1566 1054 1610 saecu
1069 1567 1143 1610 cru·

139 1631 267 1706 uetans,
280 1633 382 1710 patris
400 1650 502 1707 anun,
524 1633 574 1692 ira
593 1649 764 1710 praeceps,
784 1633 956 1707 teneritas,
978 1633 1144 1694 dementia.

139 1712 176 1773 Et
191 1714 266 1791 apud
283 1712 429 1775 Ovidium:

181 1796 247 1859 Sed
262 1818 360 1877 areae
378 1796 546 1861 Nereidum
559 1818 686 1875 numen,
708 1800 765 1860 sed
783 1800 925 1879 ααιιιλριν
941 1797 1080 1875 Ammon,

181 1881 246 1943 Sed
261 1899 343 1962 quae
361 1884 531 1945 uisceribus
550 1884 689 1946 ueniebat
709 1883 809 1946 bellu
830 1884 925 1961 pond,

182 1963 405 2029 Ennaturanda
421 1968 496 2027 meis
510 2001 551 2012 -—

98 2049 253 2126 liluveni,
280 2052 328 2128 qui
354 2059 384 2110 et
407 2049 464 2110 hoc
486 2043 602 2131 πλοκὴν
625 2060 762 2110 vocaret:
794 2047 915 2122 Quaero
938 2052 978 2111 ab
1000 2050 1144 2125 inimicis,

139 2136 237 2193 ciritae
250 2133 327 2194 lraec
340 2135 539 2212 incertiquta,
555 2141 726 2212 comperta,
742 2135 918 2212 patefacta,
933 2134 1072 2209 moldo,
1091 2133 1144 2194 de·

139 2218 216 2292 leta,
241 2217 375 2278 eatiueta
393 2233 451 2293 per
469 2219 538 2278 mel
565 2219 611 2277 cui
636 2233 694 2278 non
712 2218 872 2293 assentior,
898 2234 962 2276 anm
982 2218 1039 2277 sint
1059 2215 1146 2275 unius

141 2300 250 2376 figurae
276 2308 305 2358 et
325 2301 431 2359 mixtae
449 2317 565 2398 quoque
581 2311 610 2361 et
630 2301 706 2362 idem
730 2310 760 2360 et
780 2300 926 2361 diversum
940 2299 1143 2378 significantia,

140 2382 217 2460 quod
238 2390 267 2441 et
287 2383 381 2461 ipsum
403 2375 566 2465 διαλλαγὴν
585 2394 701 2446 vocant.
744 2382 950 2464 inversique,
975 2390 1143 2462 compertu,

136 2466 297 2545 patefacta
322 2466 398 2527 aliud
423 2468 590 2536 ostendunt:
619 2470 755 2544 ublato,
778 2470 895 2544 deleta,
917 2470 1053 2529 entiuctu
1077 2473 1143 2526 sunt

99 2552 260 2610 souuerse
275 2551 378 2612 similia
393 2551 445 2612 sed
460 2569 518 2612 nou
530 2554 615 2614 etiam
629 2552 783 2633 prioribus.
812 2551 849 2612 Et
860 2552 917 2613 hoc
933 2563 1028 2612 autem
1044 2567 1143 2610 exem·

140 2635 219 2713 plum
237 2644 267 2694 et
283 2637 417 2713 superius
436 2635 520 2697 aliana
535 2654 652 2716 quoque
668 2636 795 2696 afliciunt
810 2637 948 2714 ligoram,
965 2651 1057 2715 quaa,
1077 2633 1144 2712 quin

142 2719 391 2779 coniunctionibus
422 2729 519 2797 caret,
552 2719 762 2781 dissolutio
791 2728 929 2787 vocatum
966 2727 1050 2798 apta,
1079 2733 1144 2777 cum

141 2801 207 2880 quid
229 2804 377 2862 instantius
393 2803 526 2873 dicimus;
549 2821 614 2864 nam
634 2813 663 2864 et
678 2803 791 2881 singula
808 2803 988 2864 inculcantur
1011 2811 1040 2863 et
1061 2800 1144 2881 quasi

140 2885 223 2963 plura
240 2885 319 2946 liunt.
363 2885 494 2966 Ideoque
509 2888 613 2948 utimur
629 2887 684 2948 hac
698 2887 790 2964 ligura
806 2889 905 2947 nonin
920 2885 1042 2964 siugulis
1056 2883 1144 2945 modo

138 2967 237 3028 verbis
253 2969 305 3030 sed
321 2973 470 3031 sententiis
486 2973 587 3048 etiam,
610 2981 641 3032 ut
656 2969 761 3033 Cicero
776 2971 847 3031 dicit
863 2979 964 3032 contra
979 2970 1145 3030 contionem

139 3051 265 3112 Metelli:
298 3051 606 3131 (inimicabantur,
628 3057 822 3131 coruncani,
846 3055 1008 3130 custodiri,
1030 3052 1075 3114 ad
1093 3071 1143 3114 ee·

139 3144 244 3197 ιιαλιιαι
258 3138 376 3199 adduci
385 3136 480 3209 iura,-
493 3141 527 3200 ιἰι
537 3148 647 3202 senatu
660 3147 729 3200 suut
743 3141 851 3218 ponti,
868 3148 897 3199 et
910 3148 988 3199 totus
998 3137 1048 3198 hic
1059 3137 1144 3197 locus

139 3219 205 3279 talis
227 3229 280 3280 est:
324 3220 387 3281 Hoc
409 3239 502 3299 genus
517 3223 714 3304 βραχυλογίαν
728 3232 849 3299 vocant,
872 3240 946 3302 quae
961 3229 1060 3301 potest
1075 3237 1144 3279 osse

141 3305 276 3381 copulata
298 3304 460 3368 dissolutio.
508 3305 689 3368 Contrarium
711 3308 739 3368 id
756 3316 801 3368 est
815 3307 949 3384 schema,
973 3304 1052 3384 quod
1074 3319 1143 3363 con

99 3392 132 3446 51
141 3386 332 3447 iunctioribus
348 3389 481 3450 abundat
519 3391 593 3453 lllud
607 3383 782 3469 ἀσινδειον,
800 3390 857 3451 hoc
874 3386 1144 3452 uolcodudsroudi·

141 3471 223 3530 oitur.
264 3470 328 3583 Hoc
346 3482 391 3534 est
406 3473 456 3536 vel
473 3475 574 3536 iisdem
586 3478 705 3555 saepius
720 3476 868 3555 repetitis:
890 3485 922 3535 nt
