2408 3854
240 82 245 90 ,
281 88 312 120 ..,

117 177 178 240 266
432 187 471 233 nr.
486 185 565 233 ruo.
583 184 802 244 cumrrnrnnr

118 345 193 404 enim
216 351 272 402 tam
295 349 341 402 est
360 339 466 416 Lysiae
488 338 642 399 diversum.
677 335 841 416 Negahunt.
873 338 995 399 Ateius
1017 339 1124 400 schola

120 427 269 507 principes
284 433 432 485 oratorum
447 421 535 483 dedit.
563 420 726 496 Quaeratnr
741 422 861 482 similius
876 422 995 501 aliquid.
1022 421 1124 502 Hype-

118 511 196 571 rides
218 505 354 570 Atticus?
377 505 475 567 (lerte.
509 506 549 566 At
570 505 636 584 plus
656 505 774 566 indulsit
794 505 948 586 voluptati.
989 506 1124 567 Transeo

117 595 276 674 plurimos,
306 591 486 668 Lycurgum,
510 589 712 667 Aristogitona
738 598 767 650 ct
786 590 969 669 his-priores
995 589 1125 665 Isaeum,

118 677 339 757 Antiphontem:
362 692 452 754 quos,
468 683 499 734 nt
514 674 657 750 homines,
674 675 750 734 inter
765 691 798 733 se
811 691 923 752 genere
942 674 1052 735 similes
1069 674 1126 734 di?-

75 761 247 823 atterentes
263 759 371 821 dixeris
389 760 502 836 specie.
530 756 606 831 Quid
620 756 686 835 ille,
704 759 785 818 cnins
802 757 888 819 modo
905 758 1027 818 fecimus
1042 776 1125 818 men·

118 848 243 921 tionem,
265 839 451 903 Aeschines?
478 859 574 901 nonne
591 841 636 901 his
652 841 739 902 latior
756 850 786 902 et
801 841 953 903 andentior
971 851 1001 901 et
1022 840 1125 903 excel·

118 925 199 990 sior?
227 927 303 1003 Quid
317 927 442 1005 denique
460 922 697 986 Demosthenes?
718 943 776 986 non
793 936 913 987 cunctos
931 926 1000 987 illos
1017 936 1124 987 tenues

96 1066 102 1095 ,
119 1022 149 1074 et
164 1014 394 1089 circumspectos
408 1011 448 1086 vi,
464 1009 650 1086 sublimitate,
666 1010 785 1089 impetu,
803 1011 892 1086 cultu,
909 1011 1126 1090 compositione

119 1091 290 1176 superavit?
312 1110 371 1154 non
381 1095 504 1171 insurgit
515 1090 610 1153 locis?
627 1109 686 1154 non
698 1093 797 1172 liguris
809 1091 939 1172 gaudet?
960 1111 1019 1154 non
1029 1102 1125 1155 trans·

119 1179 276 1241 lationihus
299 1175 392 1239 nitet?
424 1194 483 1238 non
507 1179 639 1238 oratione
662 1178 729 1238 licta
750 1178 799 1239 dat
816 1177 979 1238 tacentibus
996 1174 1126 1238 vocem?

76 1262 176 1325 24nou
196 1263 268 1325 illud
288 1262 482 1324 iusiurandum
499 1279 553 1340 per
568 1278 672 1322 caesos
689 1260 905 1322 in'hlarathone
925 1280 960 1323 ac
977 1261 1125 1322 Salamine

117 1357 353 1428 propugnatores
367 1347 412 1407 rei
426 1345 563 1425 publicae
579 1347 649 1406 satis
663 1345 817 1406 manifesto
832 1346 930 1422 docet,
947 1354 1125 1425 praecepto·

118 1451 180 1492 rem
195 1433 258 1491 eius
271 1431 422 1493 Platonem
438 1428 553 1490 luisse?
575 1446 661 1507 quem
676 1432 769 1508 ipsum
784 1448 850 1490 num
865 1430 1003 1491 Asianum
1021 1430 1126 1509 appel·

119 1516 241 1576 labimus
271 1514 444 1592 plerumque
471 1512 613 1573 instinctis
644 1513 741 1574 divino
768 1516 871 1592 spiritu
902 1513 1015 1574 vatibus
1044 1529 1124 1573 com·

118 1594 297 1679 parandum?
333 1596 409 1672 Quid
435 1593 590 1657 Periclea?
622 1597 782 1658 similemne
812 1599 955 1659 credimus
981 1596 1126 1673 Lysiacae

117 1682 290 1760 gracilitati,
323 1699 409 1760 quem
429 1680 593 1742 fulminibus
618 1691 647 1742 et
670 1682 793 1742 coelesti
818 1682 930 1759 fragori
956 1693 1126 1760 comparant

75 1766 111 1821 25
119 1765 247 1842 Comici,
269 1766 335 1827 dum
360 1765 403 1826 illi
427 1762 645 1826 conviciantur?
675 1765 751 1840 Quid
773 1774 819 1826 est
840 1767 943 1844 igitur,
967 1782 1019 1825 cur
1038 1767 1068 1824 in
1088 1767 1125 1826 ils

119 1853 249 1926 demum,
272 1851 322 1929 qui
338 1851 417 1910 tenui
432 1849 537 1910 venula
553 1867 607 1928 per
622 1849 753 1910 calculos
766 1849 871 1923 fluunt,
893 1849 1021 1909 Atticum
1036 1866 1122 1928 sapo-

119 1954 181 1997 rem
196 1930 317 2013 putent?
343 1933 383 1994 ihi
399 1934 512 1995 demum
527 1932 654 2008 thymum
667 1933 805 1994 redolere
821 1930 937 1993 dicant?
965 1931 1047 2005 Quos
1066 1950 1125 2011 ego

120 2020 266 2094 existimo,
284 2019 308 2077 si
324 2017 402 2096 quod
416 2020 445 2077 in
460 2017 506 2078 his
522 2016 625 2077 linibus
641 2017 760 2077 uberius
775 2019 938 2077 invenerint
955 2016 1050 2076 solum
1065 2016 1125 2077 icr-

119 2102 284 2163 tilioremve
310 2110 461 2178 segetem,
488 2110 647 2178 negaturos
673 2101 799 2162 Atticam
825 2119 909 2176 esse,
940 2098 1020 2180 qnod
1045 2101 1124 2179 plns,

120 2204 205 2265 quam
219 2187 387 2263 acceperit,
403 2186 520 2246 seminis
536 2184 653 2259 reddat;
676 2187 742 2264 quia
757 2184 831 2245 hanc
847 2186 909 2245 eius
924 2193 1021 2244 terrae
1038 2184 1126 2245 fldem

77 2269 112 2324 26
119 2269 277 2330 Menander
292 2268 391 2329 eludit.
426 2268 470 2328 lta
485 2286 575 2344 nunc,
600 2270 624 2328 si
640 2272 706 2347 quis
725 2269 762 2329 ad
778 2286 829 2329 eas
844 2267 1051 2329 Demosthenis
1066 2269 1125 2329 vir·

121 2363 214 2429 tutes,
237 2370 311 2433 quas
325 2351 376 2412 ille
394 2370 520 2412 summus
537 2361 637 2412 orator
651 2351 767 2429 hahuit,
790 2362 886 2413 tamen
903 2370 979 2432 qnae
994 2352 1125 2413 defuisse

122 2439 149 2498 ei
169 2438 232 2498 sive
252 2436 343 2515 ipsius
365 2445 466 2496 natura
489 2454 541 2496 sen
559 2435 628 2514 lege
652 2437 776 2497 civitatis
795 2436 945 2513 videntur,
972 2437 1124 2513 adiecerit,

119 2531 151 2582 ut
168 2522 290 2583 allectus
307 2521 479 2580 concitatius
495 2528 626 2596 moveat,
653 2520 764 2582 audiam
779 2521 942 2596 dicentem,
966 2518 1035 2583 Noc
1049 2521 1128 2600 fecit

120 2604 423 2668 hochmostlteccs?
444 2613 473 2665 et
488 2606 513 2664 sl
529 2603 596 2683 quid
611 2605 716 2665 exierit
730 2606 856 2665 numeris
871 2605 965 2684 aptius
980 2603 1126 2683 (fortasse

121 2707 179 2750 non
201 2691 311 2768 possit;
339 2689 393 2750 sed
412 2698 508 2749 tamen
528 2690 553 2749 si
575 2687 643 2767 quid
666 2690 786 2770 exierit)
813 2705 871 2749 non
895 2689 950 2749 erit
971 2684 1126 2748 Atticum?

120 2771 225 2833 llelius
248 2771 365 2834 dehoc
388 2775 503 2833 nomine
528 2773 652 2833 sentiant
674 2762 869 2853 credantque,
899 2771 997 2832 Attice
1024 2772 1125 2833 dicere

123 2874 190 2915 esse
208 2856 316 2934 optime
334 2856 444 2916 dicere.

79 2934 113 2990 2?
206 2938 303 3017 Atque
329 2942 358 3000 in
382 2939 438 3001 hac
466 2950 562 3002 tamen
585 2943 722 3020 opinione
748 2949 974 3019 perseverantes
993 2938 1125 3000 Graecos

122 3023 214 3099 magis
230 3022 354 3083 tulerim.
395 3023 523 3086 Latina
542 3025 610 3084 mihi
627 3024 773 3086 facundi
780 3044 813 3102 a,
832 3034 863 3085 ut
878 3025 1059 3100 inventione,
1083 3023 1125 3085 di·

122 3107 302 3186 spositione,
332 3109 474 3183 consilio,
504 3110 610 3168 ceteris
634 3107 719 3168 huius
741 3110 860 3185 generis
887 3107 996 3169 artibus
1023 3107 1126 3168 similis

42 3251 45 3255 ,
123 3190 254 3251 Graecae
271 3208 305 3250 ac
321 3208 442 3270 prorsus
457 3191 599 3270 discipula
615 3193 678 3251 eius
692 3191 816 3269 videtur,
833 3193 872 3252 lta
888 3194 966 3252 circa
982 3191 1126 3252 rationem

123 3273 280 3352 eloquendi
297 3276 347 3335 vix
369 3274 479 3337 habere
500 3275 665 3334 imitationis
688 3273 793 3335 locum.
831 3274 962 3355 Namque
985 3276 1125 3354 eclipsis

122 3360 217 3418 statim
237 3361 317 3418 sonis
332 3359 450 3435 durior,
474 3357 587 3437 qnando
604 3367 633 3417 et
651 3358 869 3421 iucundissimas
889 3378 926 3419 ex
942 3359 1063 3422 Graecis
1078 3358 1125 3420 llt·

122 3449 201 3502 teras
222 3460 280 3503 non
297 3443 452 3520 habemns,
475 3442 608 3504 vocalem
625 3442 746 3504 alteram
763 3442 883 3505 alteram
904 3451 1123 3519 consonantem,
