2408 3854
350 220 439 269 mor.
456 220 605 271 onsson.
622 219 797 290 n1n.1rr,3.
1014 216 1073 274 117

21 403 24 412 ·
73 387 104 438 et
124 377 274 455 deinceps.
303 377 357 436 illa
378 393 450 435 vero
471 375 546 454 apud
563 373 735 436 Gloeronem
752 379 822 439 mira
837 379 990 456 figurarum
1005 383 1116 444 mix-40

73 471 138 521 tura
152 459 392 539 deprehenditur,
419 461 447 518 iu
463 476 517 536 qua
538 468 567 519 et
587 461 678 538 primo
694 460 785 520 verbo
801 461 890 539 longo
907 473 975 541 post
988 466 1074 524 inter-

73 544 152 606 vallo
168 544 308 605 redditum
325 553 370 604 est
386 544 529 619 ultimum,
552 552 581 603 et
595 545 688 605 media
703 544 801 622 primis
817 555 847 605 et
861 547 962 607 mediis
976 547 1074 608 ultima

74 637 250 705 oongruum:
280 627 418 690 Vestrum
442 629 505 688 iem
527 627 577 689 bio
600 629 717 707 foetum
737 629 991 708 deprehenditur,
1014 631 1074 692 Po-

72 720 137 776 tres
155 714 336 791 conscripti,
354 732 414 774 non
429 730 545 782 meum
566 730 606 773 oe
625 712 864 790 pulcherrimum
883 717 1006 793 quidem
1025 717 1073 794 [sn

74 803 171 874 mum,
192 815 313 873 oerum,
335 805 367 856 ut
388 798 471 873 disti,
492 814 551 858 ooo
570 814 666 857 meum
680 798 737 856 sed
754 804 896 858 semrom.
923 798 1004 860 Hune
1019 800 1117 862 fre-41

74 882 255 963 quentiorem
269 882 472 958 repetitionem
485 871 600 958 πλοκὴν
615 888 738 955 vooant,
762 898 836 959 quae
852 882 882 941 m
899 900 936 941 ex
951 885 1075 961 permix-

73 968 111 1027 tio
127 965 243 1042 figuris,
262 973 393 1043 utsupra
408 964 483 1038 dixi,
505 972 592 1042 utque
608 982 640 1023 se
656 962 743 1024 habet
756 965 882 1042 epistola
899 967 934 1026 ad
949 967 1075 1040 Brutum,

68 1046 142 1129 ,Epo
153 1067 223 1110 eom
232 1051 264 1109 in
272 1051 407 1128 pretium
422 1049 568 1110 redierim
579 1066 648 1108 eum
660 1043 760 1127 'Appio
773 1046 919 1125 Claudio,
935 1058 965 1112 et
974 1052 1076 1111 redie-

74 1136 134 1195 rim
152 1151 212 1212 por
230 1131 284 1192 Cn.
300 1130 488 1211 Pompeium,
512 1140 541 1192 et
555 1151 610 1212 epo
628 1151 702 1211 erpo
718 1150 786 1193 enm
797 1133 951 1194 redierim.
995 1133 1033 1194 Et
1052 1135 1078 1192 in
1086 1145 1119 1197 sn

75 1218 177 1278 iisdem
185 1217 335 1277 sententiis
349 1214 545 1277 erebrioribus
556 1224 662 1276 mutata
674 1214 914 1276 declinationibus
925 1218 1077 1280 iteratione

72 1300 247 1363 verborum:
271 1310 301 1360 ut
316 1301 392 1379 apud
410 1300 550 1376 Persium,

489 1419 531 1431 --
548 1382 648 1463 Usque
663 1385 782 1446 adeone

139 1467 230 1529 Scire
247 1475 330 1529 tuum
345 1469 420 1529 otto
438 1476 493 1545 est,
515 1470 575 1529 nisi
594 1476 623 1530 te
642 1470 723 1530 seire
739 1469 797 1530 boe
817 1469 896 1528 seiot
918 1468 1017 1528 niter?

76 1552 115 1613 Et
138 1552 214 1631 apud
239 1549 425 1613 Gioeronem:
456 1551 561 1631 Neque
587 1554 664 1613 enim
688 1559 830 1630 poterant
856 1552 972 1613 iudicio
1001 1558 1031 1613 et
1050 1552 1080 1612 tu·

77 1637 238 1713 damnari,
261 1638 314 1715 qui
333 1637 523 1699 iudicabunt.
568 1635 626 1695 Sed
641 1654 744 1695 sensus
760 1652 876 1715 quoque
893 1637 963 1709 toti,
982 1639 1122 1712 quem-43

77 1719 228 1782 admodum
246 1728 423 1798 coeperunt,
441 1718 589 1779 desinunt:
614 1717 757 1781 Venitne
776 1717 861 1780 Ario.
904 1717 967 1779 Hoc
980 1720 1081 1796 ipsum
1149 1738 1152 1745 ’

77 1823 170 1887 quom
192 1805 323 1866 meum?
359 1802 511 1865 Tribunus
524 1804 716 1881 plebisoeoit
737 1821 777 1864 eo
791 1799 876 1863 Asia.
921 1800 954 1860 ln
978 1801 1078 1861 eadem

77 1899 172 1948 tamen
199 1887 322 1966 periodo
346 1896 376 1947 et
400 1887 520 1947 verbnm
543 1887 670 1947 ultimum
691 1888 782 1965 primo
802 1887 945 1961 refertur,
967 1886 1080 1944 tertium

78 1977 133 2035 iam
148 1973 177 2031 iu
191 1982 342 2046 sermone,
362 1971 504 2031 adiectum
522 1980 567 2030 est
582 1972 670 2030 enim:
694 1968 904 2031 Verumtamen
918 1971 1008 2031 osuit.
1035 1967 1079 2026 ln-

78 2056 162 2117 terim
178 2057 319 2115 sententia
335 2056 439 2116 eodem
450 2057 590 2133 repetitur
601 2052 756 2114 verborum
768 2054 885 2114 ordine:
902 2050 984 2125 Ossid
997 2049 1080 2114 Cieo-

79 2159 181 2202 mones
195 2140 304 2219 faeere
321 2140 438 2217 potunt?
474 2136 543 2201 Non
564 2141 643 2201 enim
663 2156 786 2216 possum
801 2153 982 2216 quenquam
1005 2138 1081 2197 insi-

79 2225 198 2286 mulare
214 2224 308 2301 sotso.
353 2221 450 2299 Ouid,
475 2225 616 2303 inquom,
641 2221 814 2285 Cleomenes
837 2223 945 2301 faeere
964 2221 1081 2298 potuit?

80 2308 187 2377 Pristis
204 2309 365 2368 sententiae
378 2307 498 2367 verbum
515 2308 643 2368 ultimum
665 2325 699 2368 ae
719 2307 868 2385 sequentis
883 2306 1004 2383 primum
1024 2304 1080 2363 ire·
1091 2312 1125 2365 44

80 2399 203 2471 quenter
213 2399 258 2450 est
264 2390 350 2468 idem,
358 2408 415 2469 quo
423 2392 537 2469 quidem
549 2392 697 2453 schemate
708 2397 937 2469 utunturpoetae
950 2389 1081 2467 saepius:

165 2472 322 2551 Pierides,
343 2495 396 2537 oos
411 2476 488 2538 boec
507 2477 630 2556 (omnis
651 2477 786 2536 monimo
806 2473 903 2548 Gallo,

165 2557 267 2635 Gallo,
291 2560 378 2621 euius
398 2578 485 2621 amor
500 2567 615 2622 tontum
632 2560 705 2620 stibi
723 2559 835 2619 erescit
848 2559 879 2617 in
898 2557 1000 2615 toros.

81 2642 141 2703 Sed
155 2661 191 2703 ne
208 2652 340 2705 oratores
356 2644 471 2722 quidem
486 2661 567 2704 raro:
587 2642 646 2704 Hie
662 2651 763 2704 tomen
777 2641 868 2708 niort,-
882 2638 978 2699 oiot’t?
996 2637 1085 2696 immo

80 2744 154 2790 nero
175 2730 266 2789 etiam
286 2730 318 2788 iu
339 2733 475 2788 sonetum
494 2729 582 2789 oeni.
625 2723 806 2804 diiquando,
824 2724 897 2781 siout
912 2722 941 2779 in
959 2721 1127 2798 gemina-45

81 2813 162 2871 tione
181 2810 336 2871 verborum
357 2811 494 2885 diximus,
518 2811 596 2870 initia
618 2826 734 2888 quoque
753 2817 782 2868 et
800 2804 948 2867 clausulae
969 2812 1084 2864 senten·

81 2896 183 2954 tiorum
204 2895 269 2956 aliis
292 2895 344 2954 sed
366 2911 423 2954 non
444 2893 501 2954 aiio
524 2893 705 2954 tendentibus
721 2890 819 2951 verbis
836 2891 911 2949 iuter
926 2907 959 2948 se
980 2904 1084 2948 eouso·

81 2987 159 3040 nant.
202 2979 284 3040 Initia
299 2979 355 3039 hoo
370 2978 471 3038 modo:
488 2976 672 3040 Dediderim
688 2976 836 3054 periculis
854 2974 1007 3048 omnibus,
1029 2972 1085 3033 ob·

82 3065 203 3126 tulerim
227 3064 364 3140 insidiis,
394 3064 557 3125 obiecerim
579 3063 726 3123 invidiae.
782 3057 893 3120 Rursus
918 3056 1084 3118 clausulae:

82 3146 190 3207 ibidem
207 3146 328 3222 statim,¹
342 3145 402 3208 Vos
416 3147 496 3207 enim
512 3147 676 3222 statuistis,
691 3163 745 3206 oos
758 3143 938 3206 seutentiam
952 3140 1085 3213 dixistis,

82 3249 137 3293 vos
149 3231 321 3292 iudicastis.
364 3229 428 3290 iios
448 3230 497 3291 alii
513 3229 717 3308 onvoooptov,
736 3226 785 3287 alii
801 3227 1019 3288 disiunctionem
1035 3237 1085 3280 vo·

85 3323 165 3383 eant;
188 3323 356 3392 utrumque,
376 3315 486 3375 etiamsi
501 3322 546 3373 est
561 3312 721 3390 diversum,
737 3321 834 3378 reete;
856 3324 921 3369 uam
938 3315 982 3367 est
996 3305 1085 3362 uomi-

84 3417 150 3458 num
175 3398 251 3458 idem
276 3397 494 3474 significantium
515 3398 671 3476 separatio.
724 3393 945 3472 Congregautur
970 3403 1086 3467 quoque

84 3482 175 3544 verba
187 3481 262 3542 idem
274 3480 463 3558 significantia
502 3480 588 3554 Quae
599 3499 667 3543 eom
679 3482 724 3541 ito
734 3481 809 3554 mot,
826 3474 980 3548 Casilino,
993 3489 1093 3548 perpe

1099 3588 1142 3624 Δ
