<?xml version="1.0" encoding="UTF-8"?>
<!DOCTYPE html PUBLIC "-//W3C//DTD XHTML 1.0 Transitional//EN"
    "http://www.w3.org/TR/xhtml1/DTD/xhtml1-transitional.dtd">
<html xmlns="http://www.w3.org/1999/xhtml" xml:lang="en" lang="en">
 <head>
  <title>
</title>
<meta http-equiv="Content-Type" content="text/html;charset=utf-8" />
  <meta name='ocr-system' content='tesseract 3.04.00' />
  <meta name='ocr-capabilities' content='ocr_page ocr_carea ocr_par ocr_line ocrx_word'/>
</head>
<body>
  <div class='ocr_page' id='page_1' title='image "./mfabiiquintilia08quingoog_0129.png"; bbox 0 0 2408 3854; ppageno 0'>
   <div class='ocr_carea' id='block_1_1' title="bbox 120 159 813 233">
    <p class='ocr_par' dir='ltr' id='par_1_1' title="bbox 120 159 813 233">
     <span class='ocr_line' id='line_1_1' title="bbox 120 159 813 233; baseline 0 -12"><span class='ocrx_word' id='word_1_1' title='bbox 120 159 180 222; x_wconf 71' lang='lat'>1011</span> <span class='ocrx_word' id='word_1_2' title='bbox 447 173 484 220; x_wconf 83' lang='lat' dir='ltr'>n.</span> <span class='ocrx_word' id='word_1_3' title='bbox 496 171 574 220; x_wconf 79' lang='lat' dir='ltr'>nna.</span> <span class='ocrx_word' id='word_1_4' title='bbox 592 173 813 233; x_wconf 81' lang='lat' dir='ltr'>qmuurmuur</span> 
     </span>
    </p>
   </div>
   <div class='ocr_carea' id='block_1_2' title="bbox 2 325 1128 3512">
    <p class='ocr_par' dir='ltr' id='par_1_2' title="bbox 76 325 1128 824">
     <span class='ocr_line' id='line_1_2' title="bbox 76 325 1128 407; baseline -0.002 -15"><span class='ocrx_word' id='word_1_5' title='bbox 76 338 229 404; x_wconf 72' lang='lat' dir='ltr'>dimotos,</span> <span class='ocrx_word' id='word_1_6' title='bbox 246 325 424 407; x_wconf 74' lang='lat' dir='ltr'><strong><em>Polyclitum</em></strong></span> <span class='ocrx_word' id='word_1_7' title='bbox 441 346 509 389; x_wconf 82' lang='lat' dir='ltr'>ecco</span> <span class='ocrx_word' id='word_1_8' title='bbox 527 327 680 388; x_wconf 71' lang='lat' dir='ltr'>dicebant.</span> <span class='ocrx_word' id='word_1_9' title='bbox 714 327 798 400; x_wconf 82' lang='lat' dir='ltr'>Quod</span> <span class='ocrx_word' id='word_1_10' title='bbox 820 327 935 406; x_wconf 90' lang='lat' dir='ltr'>quidem</span> <span class='ocrx_word' id='word_1_11' title='bbox 949 346 1006 388; x_wconf 92' lang='lat' dir='ltr'>non</span> <span class='ocrx_word' id='word_1_12' title='bbox 1022 331 1051 388; x_wconf 88' lang='lat' dir='ltr'>in</span> <span class='ocrx_word' id='word_1_13' title='bbox 1069 328 1128 390; x_wconf 90' lang='lat' dir='ltr'>hoc</span> 
     </span>
     <span class='ocr_line' id='line_1_3' title="bbox 120 409 1126 491; baseline 0.003 -21"><span class='ocrx_word' id='word_1_14' title='bbox 120 420 226 471; x_wconf 89' lang='lat' dir='ltr'>tantum</span> <span class='ocrx_word' id='word_1_15' title='bbox 244 411 332 472; x_wconf 89' lang='lat' dir='ltr'>valet.</span> <span class='ocrx_word' id='word_1_16' title='bbox 373 409 550 484; x_wconf 74' lang='lat' dir='ltr'><strong>Quibusdam</strong></span> <span class='ocrx_word' id='word_1_17' title='bbox 571 413 664 487; x_wconf 91' lang='lat' dir='ltr'>enim,</span> <span class='ocrx_word' id='word_1_18' title='bbox 688 411 752 471; x_wconf 92' lang='lat' dir='ltr'>dum</span> <span class='ocrx_word' id='word_1_19' title='bbox 774 412 852 472; x_wconf 90' lang='lat' dir='ltr'>aliud</span> <span class='ocrx_word' id='word_1_20' title='bbox 872 431 964 489; x_wconf 84' lang='lat' dir='ltr'>agere</span> <span class='ocrx_word' id='word_1_21' title='bbox 983 414 1126 491; x_wconf 81' lang='lat' dir='ltr'>videmur,</span> 
     </span>
     <span class='ocr_line' id='line_1_4' title="bbox 119 492 1126 572; baseline 0.003 -18"><span class='ocrx_word' id='word_1_22' title='bbox 119 494 196 555; x_wconf 90' lang='lat' dir='ltr'>aliud</span> <span class='ocrx_word' id='word_1_23' title='bbox 215 495 371 564; x_wconf 64' lang='lat' dir='ltr'>aldeimum</span> <span class='ocrx_word' id='word_1_24' title='bbox 395 496 470 556; x_wconf 89' lang='lat' dir='ltr'>sicut</span> <span class='ocrx_word' id='word_1_25' title='bbox 489 496 535 554; x_wconf 89' lang='lat' dir='ltr'>hic</span> <span class='ocrx_word' id='word_1_26' title='bbox 551 492 657 554; x_wconf 83' lang='lat' dir='ltr'>Cicero</span> <span class='ocrx_word' id='word_1_27' title='bbox 676 496 881 572; x_wconf 78' lang='lat' dir='ltr'>consequitur,</span> <span class='ocrx_word' id='word_1_28' title='bbox 899 514 952 571; x_wconf 90' lang='lat' dir='ltr'>ne,</span> <span class='ocrx_word' id='word_1_29' title='bbox 972 515 1036 556; x_wconf 91' lang='lat' dir='ltr'>cum</span> <span class='ocrx_word' id='word_1_30' title='bbox 1050 515 1126 558; x_wconf 91' lang='lat' dir='ltr'>mor-</span> 
     </span>
     <span class='ocr_line' id='line_1_5' title="bbox 118 577 1125 659; baseline 0.002 -21"><span class='ocrx_word' id='word_1_31' title='bbox 118 578 184 638; x_wconf 88' lang='lat' dir='ltr'>bum</span> <span class='ocrx_word' id='word_1_32' title='bbox 203 581 337 658; x_wconf 78' lang='lat' dir='ltr'>insignis</span> <span class='ocrx_word' id='word_1_33' title='bbox 355 588 442 656; x_wconf 90' lang='lat' dir='ltr'>atque</span> <span class='ocrx_word' id='word_1_34' title='bbox 455 578 560 639; x_wconf 87' lang='lat' dir='ltr'>tabulis</span> <span class='ocrx_word' id='word_1_35' title='bbox 571 577 688 639; x_wconf 90' lang='lat' dir='ltr'>obiiciat</span> <span class='ocrx_word' id='word_1_36' title='bbox 698 578 796 654; x_wconf 88' lang='lat' dir='ltr'>Verri,</span> <span class='ocrx_word' id='word_1_37' title='bbox 816 581 879 657; x_wconf 90' lang='lat' dir='ltr'>ipse</span> <span class='ocrx_word' id='word_1_38' title='bbox 896 597 1014 659; x_wconf 90' lang='lat' dir='ltr'>quoque</span> <span class='ocrx_word' id='word_1_39' title='bbox 1027 599 1125 642; x_wconf 91' lang='lat' dir='ltr'>earum</span> 
     </span>
     <span class='ocr_line' id='line_1_6' title="bbox 118 660 1127 744; baseline 0.004 -23"><span class='ocrx_word' id='word_1_40' title='bbox 118 681 213 726; x_wconf 85' lang='lat' dir='ltr'>nerum</span> <span class='ocrx_word' id='word_1_41' title='bbox 230 664 377 724; x_wconf 89' lang='lat' dir='ltr'>studiosus</span> <span class='ocrx_word' id='word_1_42' title='bbox 393 681 460 723; x_wconf 89' lang='lat' dir='ltr'>esse</span> <span class='ocrx_word' id='word_1_43' title='bbox 479 662 622 723; x_wconf 87' lang='lat' dir='ltr'>credatur.</span> <span class='ocrx_word' id='word_1_44' title='bbox 651 660 688 722; x_wconf 82' lang='lat' dir='ltr'>Et</span> <span class='ocrx_word' id='word_1_45' title='bbox 705 661 919 723; x_wconf 77' lang='lat' dir='ltr'>Demosthenes</span> <span class='ocrx_word' id='word_1_46' title='bbox 936 665 1056 725; x_wconf 91' lang='lat' dir='ltr'>iurando</span> <span class='ocrx_word' id='word_1_47' title='bbox 1072 670 1127 744; x_wconf 85' lang='lat' dir='ltr'>per</span> 
     </span>
     <span class='ocr_line' id='line_1_7' title="bbox 118 745 1126 824; baseline 0.003 -17"><span class='ocrx_word' id='word_1_48' title='bbox 118 747 289 808; x_wconf 87' lang='lat' dir='ltr'>interlectos</span> <span class='ocrx_word' id='word_1_49' title='bbox 307 748 335 808; x_wconf 93' lang='lat' dir='ltr'>in</span> <span class='ocrx_word' id='word_1_50' title='bbox 350 746 519 808; x_wconf 74' lang='lat' dir='ltr'>Marathone</span> <span class='ocrx_word' id='word_1_51' title='bbox 532 755 561 805; x_wconf 90' lang='lat' dir='ltr'>et</span> <span class='ocrx_word' id='word_1_52' title='bbox 573 745 716 807; x_wconf 88' lang='lat' dir='ltr'>Salamine</span> <span class='ocrx_word' id='word_1_53' title='bbox 728 747 756 806; x_wconf 94' lang='lat' dir='ltr'>id</span> <span class='ocrx_word' id='word_1_54' title='bbox 768 747 838 824; x_wconf 80' lang='lat' dir='ltr'>agit,</span> <span class='ocrx_word' id='word_1_55' title='bbox 852 757 883 807; x_wconf 88' lang='lat' dir='ltr'>ut</span> <span class='ocrx_word' id='word_1_56' title='bbox 894 750 1005 808; x_wconf 88' lang='lat' dir='ltr'>minore</span> <span class='ocrx_word' id='word_1_57' title='bbox 1019 750 1126 810; x_wconf 90' lang='lat' dir='ltr'>invidia</span> 
     </span>
    </p>

    <p class='ocr_par' dir='ltr' id='par_1_3' title="bbox 77 829 1125 1498">
     <span class='ocr_line' id='line_1_8' title="bbox 77 829 1125 912; baseline -0.002 -17"><span class='ocrx_word' id='word_1_58' title='bbox 77 831 208 895; x_wconf 70' lang='lat' dir='ltr'>fiscladis</span> <span class='ocrx_word' id='word_1_59' title='bbox 221 831 296 911; x_wconf 92' lang='lat' dir='ltr'>apud</span> <span class='ocrx_word' id='word_1_60' title='bbox 310 829 509 892; x_wconf 75' lang='lat' dir='ltr'>Chaeroneam</span> <span class='ocrx_word' id='word_1_61' title='bbox 521 839 662 909; x_wconf 80' lang='lat' dir='ltr'>acceptae</span> <span class='ocrx_word' id='word_1_62' title='bbox 674 830 798 890; x_wconf 89' lang='lat' dir='ltr'>laboret.</span> <span class='ocrx_word' id='word_1_63' title='bbox 816 829 995 892; x_wconf 84' lang='lat' dir='ltr'>Faciuntilla</span> <span class='ocrx_word' id='word_1_64' title='bbox 1007 849 1125 912; x_wconf 92' lang='lat' dir='ltr'>quoque</span> 
     </span>
     <span class='ocr_line' id='line_1_9' title="bbox 118 912 1125 994; baseline 0.004 -21"><span class='ocrx_word' id='word_1_65' title='bbox 118 915 268 976; x_wconf 88' lang='lat' dir='ltr'>iucundam</span> <span class='ocrx_word' id='word_1_66' title='bbox 295 917 470 992; x_wconf 89' lang='lat' dir='ltr'>orationem,</span> <span class='ocrx_word' id='word_1_67' title='bbox 494 915 590 994; x_wconf 89' lang='lat' dir='ltr'>aliqua</span> <span class='ocrx_word' id='word_1_68' title='bbox 609 915 755 974; x_wconf 80' lang='lat' dir='ltr'>mentione</span> <span class='ocrx_word' id='word_1_69' title='bbox 776 912 873 975; x_wconf 89' lang='lat' dir='ltr'>hahita</span> <span class='ocrx_word' id='word_1_70' title='bbox 895 914 1013 976; x_wconf 82' lang='lat' dir='ltr'>differre</span> <span class='ocrx_word' id='word_1_71' title='bbox 1030 925 1060 977; x_wconf 90' lang='lat' dir='ltr'>et</span> <span class='ocrx_word' id='word_1_72' title='bbox 1075 918 1125 977; x_wconf 92' lang='lat' dir='ltr'>de·</span> 
     </span>
     <span class='ocr_line' id='line_1_10' title="bbox 118 998 1124 1079; baseline 0.002 -21"><span class='ocrx_word' id='word_1_73' title='bbox 118 1015 228 1078; x_wconf 91' lang='lat' dir='ltr'>ponere</span> <span class='ocrx_word' id='word_1_74' title='bbox 244 1000 319 1079; x_wconf 91' lang='lat' dir='ltr'>apud</span> <span class='ocrx_word' id='word_1_75' title='bbox 330 1001 497 1060; x_wconf 83' lang='lat' dir='ltr'>memoriam</span> <span class='ocrx_word' id='word_1_76' title='bbox 508 998 610 1058; x_wconf 91' lang='lat' dir='ltr'>iudicis</span> <span class='ocrx_word' id='word_1_77' title='bbox 626 1007 655 1058; x_wconf 92' lang='lat' dir='ltr'>et</span> <span class='ocrx_word' id='word_1_78' title='bbox 666 1015 838 1077; x_wconf 89' lang='lat' dir='ltr'>reposcere,</span> <span class='ocrx_word' id='word_1_79' title='bbox 852 1016 927 1075; x_wconf 90' lang='lat' dir='ltr'>qnae</span> <span class='ocrx_word' id='word_1_80' title='bbox 939 1000 1124 1078; x_wconf 86' lang='lat' dir='ltr'>deposueris,</span> 
     </span>
     <span class='ocr_line' id='line_1_11' title="bbox 119 1082 1125 1163; baseline 0.002 -21"><span class='ocrx_word' id='word_1_81' title='bbox 119 1091 148 1142; x_wconf 93' lang='lat' dir='ltr'>et</span> <span class='ocrx_word' id='word_1_82' title='bbox 168 1101 307 1161; x_wconf 88' lang='lat' dir='ltr'>separare</span> <span class='ocrx_word' id='word_1_83' title='bbox 324 1084 464 1162; x_wconf 87' lang='lat' dir='ltr'>quaedam</span> <span class='ocrx_word' id='word_1_84' title='bbox 486 1084 634 1142; x_wconf 89' lang='lat' dir='ltr'>schemate</span> <span class='ocrx_word' id='word_1_85' title='bbox 655 1082 769 1162; x_wconf 91' lang='lat' dir='ltr'>aliquo,</span> <span class='ocrx_word' id='word_1_86' title='bbox 794 1082 874 1161; x_wconf 90' lang='lat' dir='ltr'>(non</span> <span class='ocrx_word' id='word_1_87' title='bbox 897 1086 973 1144; x_wconf 92' lang='lat' dir='ltr'>enim</span> <span class='ocrx_word' id='word_1_88' title='bbox 994 1094 1040 1144; x_wconf 91' lang='lat' dir='ltr'>est</span> <span class='ocrx_word' id='word_1_89' title='bbox 1061 1087 1125 1163; x_wconf 90' lang='lat' dir='ltr'>ipsa</span> 
     </span>
     <span class='ocr_line' id='line_1_12' title="bbox 119 1167 1125 1247; baseline 0.001 -21"><span class='ocrx_word' id='word_1_90' title='bbox 119 1185 172 1246; x_wconf 89' lang='lat' dir='ltr'>per</span> <span class='ocrx_word' id='word_1_91' title='bbox 187 1184 221 1226; x_wconf 88' lang='lat' dir='ltr'>se</span> <span class='ocrx_word' id='word_1_92' title='bbox 235 1168 350 1228; x_wconf 82' lang='lat' dir='ltr'>iteratio</span> <span class='ocrx_word' id='word_1_93' title='bbox 377 1167 516 1247; x_wconf 91' lang='lat' dir='ltr'>schema)</span> <span class='ocrx_word' id='word_1_94' title='bbox 540 1175 569 1226; x_wconf 90' lang='lat' dir='ltr'>et</span> <span class='ocrx_word' id='word_1_95' title='bbox 589 1167 730 1244; x_wconf 82' lang='lat' dir='ltr'>excipere</span> <span class='ocrx_word' id='word_1_96' title='bbox 753 1167 850 1245; x_wconf 91' lang='lat' dir='ltr'>aliqua</span> <span class='ocrx_word' id='word_1_97' title='bbox 872 1177 901 1228; x_wconf 91' lang='lat' dir='ltr'>et</span> <span class='ocrx_word' id='word_1_98' title='bbox 923 1168 992 1231; x_wconf 88' lang='lat' dir='ltr'>dare</span> <span class='ocrx_word' id='word_1_99' title='bbox 1017 1171 1125 1229; x_wconf 90' lang='lat' dir='ltr'>actioni</span> 
     </span>
     <span class='ocr_line' id='line_1_13' title="bbox 118 1250 1125 1320; baseline 0.002 -10"><span class='ocrx_word' id='word_1_100' title='bbox 118 1252 214 1311; x_wconf 87' lang='lat' dir='ltr'>varios</span> <span class='ocrx_word' id='word_1_101' title='bbox 230 1250 311 1312; x_wconf 89' lang='lat' dir='ltr'>velut</span> <span class='ocrx_word' id='word_1_102' title='bbox 325 1252 432 1312; x_wconf 85' lang='lat' dir='ltr'>vultus.</span> <span class='ocrx_word' id='word_1_103' title='bbox 465 1250 577 1312; x_wconf 84' lang='lat' dir='ltr'>Gaudet</span> <span class='ocrx_word' id='word_1_104' title='bbox 589 1252 664 1310; x_wconf 92' lang='lat' dir='ltr'>enim</span> <span class='ocrx_word' id='word_1_105' title='bbox 677 1269 725 1310; x_wconf 90' lang='lat' dir='ltr'>res</span> <span class='ocrx_word' id='word_1_106' title='bbox 740 1254 898 1320; x_wconf 88' lang='lat' dir='ltr'>varietate;</span> <span class='ocrx_word' id='word_1_107' title='bbox 916 1263 945 1312; x_wconf 91' lang='lat' dir='ltr'>et</span> <span class='ocrx_word' id='word_1_108' title='bbox 957 1254 1031 1313; x_wconf 89' lang='lat' dir='ltr'>sicut</span> <span class='ocrx_word' id='word_1_109' title='bbox 1046 1253 1125 1313; x_wconf 90' lang='lat' dir='ltr'>oculi</span> 
     </span>
     <span class='ocr_line' id='line_1_14' title="bbox 118 1334 1124 1415; baseline -0.001 -20"><span class='ocrx_word' id='word_1_110' title='bbox 118 1334 296 1395; x_wconf 88' lang='lat' dir='ltr'>diversarum</span> <span class='ocrx_word' id='word_1_111' title='bbox 312 1346 432 1415; x_wconf 88' lang='lat' dir='ltr'>aspectu</span> <span class='ocrx_word' id='word_1_112' title='bbox 449 1352 544 1394; x_wconf 89' lang='lat' dir='ltr'>rerum</span> <span class='ocrx_word' id='word_1_113' title='bbox 558 1335 651 1411; x_wconf 80' lang='lat' dir='ltr'>magis</span> <span class='ocrx_word' id='word_1_114' title='bbox 668 1335 847 1395; x_wconf 87' lang='lat' dir='ltr'>detinentur:</span> <span class='ocrx_word' id='word_1_115' title='bbox 872 1337 911 1397; x_wconf 89' lang='lat' dir='ltr'>ita</span> <span class='ocrx_word' id='word_1_116' title='bbox 933 1338 1050 1414; x_wconf 89' lang='lat' dir='ltr'>semper</span> <span class='ocrx_word' id='word_1_117' title='bbox 1064 1337 1124 1396; x_wconf 90' lang='lat' dir='ltr'>ani-</span> 
     </span>
     <span class='ocr_line' id='line_1_15' title="bbox 116 1418 898 1498; baseline 0 -21"><span class='ocrx_word' id='word_1_118' title='bbox 116 1419 170 1477; x_wconf 91' lang='lat' dir='ltr'>mis</span> <span class='ocrx_word' id='word_1_119' title='bbox 185 1429 324 1498; x_wconf 79' lang='lat' dir='ltr'>praestat,</span> <span class='ocrx_word' id='word_1_120' title='bbox 339 1421 367 1479; x_wconf 93' lang='lat' dir='ltr'>in</span> <span class='ocrx_word' id='word_1_121' title='bbox 385 1419 463 1497; x_wconf 94' lang='lat' dir='ltr'>quod</span> <span class='ocrx_word' id='word_1_122' title='bbox 478 1437 510 1478; x_wconf 89' lang='lat' dir='ltr'>se</span> <span class='ocrx_word' id='word_1_123' title='bbox 527 1418 609 1478; x_wconf 88' lang='lat' dir='ltr'>velut</span> <span class='ocrx_word' id='word_1_124' title='bbox 623 1435 728 1478; x_wconf 84' lang='lat' dir='ltr'>nouum</span> <span class='ocrx_word' id='word_1_125' title='bbox 743 1419 898 1479; x_wconf 83' lang='lat' dir='ltr'>intendant.</span> 
     </span>
    </p>

    <p class='ocr_par' dir='ltr' id='par_1_4' title="bbox 74 1501 1124 1666">
     <span class='ocr_line' id='line_1_16' title="bbox 74 1501 1124 1583; baseline -0.001 -17"><span class='ocrx_word' id='word_1_126' title='bbox 74 1512 110 1566; x_wconf 80' lang='lat'>64</span> <span class='ocrx_word' id='word_1_127' title='bbox 202 1501 255 1562; x_wconf 86' lang='lat' dir='ltr'>Est</span> <span class='ocrx_word' id='word_1_128' title='bbox 269 1503 454 1581; x_wconf 90' lang='lat' dir='ltr'>emphasis</span> <span class='ocrx_word' id='word_1_129' title='bbox 470 1505 555 1562; x_wconf 88' lang='lat' dir='ltr'>etiam</span> <span class='ocrx_word' id='word_1_130' title='bbox 570 1503 644 1561; x_wconf 91' lang='lat' dir='ltr'>inter</span> <span class='ocrx_word' id='word_1_131' title='bbox 658 1503 781 1579; x_wconf 82' lang='lat' dir='ltr'>figuras,</span> <span class='ocrx_word' id='word_1_132' title='bbox 800 1521 862 1563; x_wconf 89' lang='lat' dir='ltr'>aum</span> <span class='ocrx_word' id='word_1_133' title='bbox 879 1522 916 1564; x_wconf 86' lang='lat' dir='ltr'>ex</span> <span class='ocrx_word' id='word_1_134' title='bbox 932 1505 1029 1583; x_wconf 87' lang='lat' dir='ltr'>aliquo</span> <span class='ocrx_word' id='word_1_135' title='bbox 1045 1504 1124 1565; x_wconf 89' lang='lat' dir='ltr'>dicto</span> 
     </span>
     <span class='ocr_line' id='line_1_17' title="bbox 118 1585 799 1666; baseline 0.001 -21"><span class='ocrx_word' id='word_1_136' title='bbox 118 1586 211 1646; x_wconf 84' lang='lat' dir='ltr'>latens</span> <span class='ocrx_word' id='word_1_137' title='bbox 227 1586 334 1666; x_wconf 88' lang='lat' dir='ltr'>aliquid</span> <span class='ocrx_word' id='word_1_138' title='bbox 351 1587 475 1647; x_wconf 88' lang='lat' dir='ltr'>eruitur:</span> <span class='ocrx_word' id='word_1_139' title='bbox 500 1595 530 1645; x_wconf 89' lang='lat' dir='ltr'>ut</span> <span class='ocrx_word' id='word_1_140' title='bbox 547 1586 623 1665; x_wconf 92' lang='lat' dir='ltr'>apud</span> <span class='ocrx_word' id='word_1_141' title='bbox 639 1585 799 1665; x_wconf 82' lang='lat' dir='ltr'>Vergilium</span> 
     </span>
    </p>

    <p class='ocr_par' dir='ltr' id='par_1_5' title="bbox 117 1668 1123 2254">
     <span class='ocr_line' id='line_1_18' title="bbox 201 1668 1028 1750; baseline 0.006 -21"><span class='ocrx_word' id='word_1_142' title='bbox 201 1668 270 1731; x_wconf 84' lang='lat' dir='ltr'>Non</span> <span class='ocrx_word' id='word_1_143' title='bbox 283 1673 369 1732; x_wconf 84' lang='lat' dir='ltr'>licuit</span> <span class='ocrx_word' id='word_1_144' title='bbox 384 1671 511 1733; x_wconf 76' lang='lat' dir='ltr'>tholomai</span> <span class='ocrx_word' id='word_1_145' title='bbox 526 1678 681 1750; x_wconf 76' lang='lat' dir='ltr'>eapertem</span> <span class='ocrx_word' id='word_1_146' title='bbox 701 1673 767 1732; x_wconf 63' lang='lat' dir='ltr'>mna</span> <span class='ocrx_word' id='word_1_147' title='bbox 786 1672 913 1734; x_wconf 81' lang='lat' dir='ltr'>crimine</span> <span class='ocrx_word' id='word_1_148' title='bbox 932 1675 1028 1734; x_wconf 83' lang='lat' dir='ltr'>attam</span> 
     </span>
     <span class='ocr_line' id='line_1_19' title="bbox 200 1752 597 1835; baseline 0 -21"><span class='ocrx_word' id='word_1_149' title='bbox 200 1752 322 1833; x_wconf 78' lang='lat' dir='ltr'>Dcpare</span> <span class='ocrx_word' id='word_1_150' title='bbox 337 1774 421 1818; x_wconf 79' lang='lat' dir='ltr'>acore</span> <span class='ocrx_word' id='word_1_151' title='bbox 433 1757 545 1835; x_wconf 75' lang='lat' dir='ltr'>force?</span> <span class='ocrx_word' id='word_1_152' title='bbox 563 1790 597 1798; x_wconf 96' lang='lat'>—</span> 
     </span>
     <span class='ocr_line' id='line_1_20' title="bbox 118 1838 1123 1919; baseline 0.004 -21"><span class='ocrx_word' id='word_1_153' title='bbox 118 1839 285 1917; x_wconf 84' lang='lat' dir='ltr'>Quanquam</span> <span class='ocrx_word' id='word_1_154' title='bbox 307 1841 381 1899; x_wconf 91' lang='lat' dir='ltr'>euim</span> <span class='ocrx_word' id='word_1_155' title='bbox 403 1839 439 1899; x_wconf 92' lang='lat' dir='ltr'>de</span> <span class='ocrx_word' id='word_1_156' title='bbox 460 1840 649 1903; x_wconf 57' lang='lat' dir='ltr'>matrimonio,</span> <span class='ocrx_word' id='word_1_157' title='bbox 662 1841 809 1919; x_wconf 82' lang='lat' dir='ltr'>quaeritur</span> <span class='ocrx_word' id='word_1_158' title='bbox 831 1838 922 1900; x_wconf 87' lang='lat' dir='ltr'>Dido:</span> <span class='ocrx_word' id='word_1_159' title='bbox 949 1849 1044 1901; x_wconf 90' lang='lat' dir='ltr'>tamen</span> <span class='ocrx_word' id='word_1_160' title='bbox 1066 1841 1123 1902; x_wconf 87' lang='lat' dir='ltr'>huo</span> 
     </span>
     <span class='ocr_line' id='line_1_21' title="bbox 117 1922 1122 2004; baseline 0.002 -22"><span class='ocrx_word' id='word_1_161' title='bbox 117 1923 240 2001; x_wconf 88' lang='lat' dir='ltr'>erumpit</span> <span class='ocrx_word' id='word_1_162' title='bbox 255 1924 317 1983; x_wconf 93' lang='lat' dir='ltr'>eius</span> <span class='ocrx_word' id='word_1_163' title='bbox 333 1922 466 1999; x_wconf 85' lang='lat' dir='ltr'>allectus,</span> <span class='ocrx_word' id='word_1_164' title='bbox 479 1932 510 1985; x_wconf 91' lang='lat' dir='ltr'>ut</span> <span class='ocrx_word' id='word_1_165' title='bbox 524 1924 586 1983; x_wconf 88' lang='lat' dir='ltr'>sine</span> <span class='ocrx_word' id='word_1_166' title='bbox 602 1922 733 1983; x_wconf 85' lang='lat' dir='ltr'>thalamis</span> <span class='ocrx_word' id='word_1_167' title='bbox 745 1924 831 1982; x_wconf 89' lang='lat' dir='ltr'>vitam</span> <span class='ocrx_word' id='word_1_168' title='bbox 845 1939 903 1983; x_wconf 92' lang='lat' dir='ltr'>non</span> <span class='ocrx_word' id='word_1_169' title='bbox 915 1923 1058 1984; x_wconf 89' lang='lat' dir='ltr'>hominum</span> <span class='ocrx_word' id='word_1_170' title='bbox 1071 1943 1122 2004; x_wconf 95' lang='lat' dir='ltr'>pu·</span> 
     </span>
     <span class='ocr_line' id='line_1_22' title="bbox 117 2005 1122 2087; baseline 0.003 -22"><span class='ocrx_word' id='word_1_171' title='bbox 117 2015 160 2066; x_wconf 91' lang='lat' dir='ltr'>tet</span> <span class='ocrx_word' id='word_1_172' title='bbox 184 2005 236 2065; x_wconf 89' lang='lat' dir='ltr'>sed</span> <span class='ocrx_word' id='word_1_173' title='bbox 264 2006 399 2068; x_wconf 86' lang='lat' dir='ltr'>ferarum.</span> <span class='ocrx_word' id='word_1_174' title='bbox 444 2006 531 2068; x_wconf 78' lang='lat' dir='ltr'>uliud</span> <span class='ocrx_word' id='word_1_175' title='bbox 553 2007 629 2086; x_wconf 90' lang='lat' dir='ltr'>apud</span> <span class='ocrx_word' id='word_1_176' title='bbox 651 2005 782 2066; x_wconf 85' lang='lat' dir='ltr'>Ovidium</span> <span class='ocrx_word' id='word_1_177' title='bbox 803 2025 912 2084; x_wconf 81' lang='lat' dir='ltr'>genus,</span> <span class='ocrx_word' id='word_1_178' title='bbox 940 2008 1016 2087; x_wconf 92' lang='lat' dir='ltr'>apud</span> <span class='ocrx_word' id='word_1_179' title='bbox 1037 2026 1122 2087; x_wconf 88' lang='lat' dir='ltr'>quem</span> 
     </span>
     <span class='ocr_line' id='line_1_23' title="bbox 119 2089 855 2169; baseline 0.001 -20"><span class='ocrx_word' id='word_1_180' title='bbox 119 2089 241 2165; x_wconf 71' lang='lat' dir='ltr'>Zmyrna</span> <span class='ocrx_word' id='word_1_181' title='bbox 255 2093 358 2151; x_wconf 90' lang='lat' dir='ltr'>nutrici</span> <span class='ocrx_word' id='word_1_182' title='bbox 373 2108 501 2152; x_wconf 87' lang='lat' dir='ltr'>amorem</span> <span class='ocrx_word' id='word_1_183' title='bbox 515 2093 605 2169; x_wconf 91' lang='lat' dir='ltr'>patris</span> <span class='ocrx_word' id='word_1_184' title='bbox 622 2093 665 2151; x_wconf 90' lang='lat' dir='ltr'>sic</span> <span class='ocrx_word' id='word_1_185' title='bbox 682 2090 855 2150; x_wconf 87' lang='lat' dir='ltr'>confitetur:</span> 
     </span>
     <span class='ocr_line' id='line_1_24' title="bbox 289 2173 937 2254; baseline -0.003 -18"><span class='ocrx_word' id='word_1_186' title='bbox 289 2207 328 2220; x_wconf 90' lang='lat'>-</span> <span class='ocrx_word' id='word_1_187' title='bbox 347 2173 384 2251; x_wconf 86' lang='lat'>0,</span> <span class='ocrx_word' id='word_1_188' title='bbox 400 2175 495 2250; x_wconf 75' lang='lat' dir='ltr'>dicit,</span> <span class='ocrx_word' id='word_1_189' title='bbox 509 2175 632 2254; x_wconf 77' lang='lat' dir='ltr'>felicem</span> <span class='ocrx_word' id='word_1_190' title='bbox 648 2176 776 2254; x_wconf 76' lang='lat' dir='ltr'>couiupa</span> <span class='ocrx_word' id='word_1_191' title='bbox 790 2177 937 2237; x_wconf 82' lang='lat' dir='ltr'>matrem!</span> 
     </span>
    </p>

    <p class='ocr_par' dir='ltr' id='par_1_6' title="bbox 74 2256 1122 2592">
     <span class='ocr_line' id='line_1_25' title="bbox 74 2256 1121 2337; baseline -0.001 -19"><span class='ocrx_word' id='word_1_192' title='bbox 74 2263 109 2318; x_wconf 76' lang='lat'>65</span> <span class='ocrx_word' id='word_1_193' title='bbox 200 2257 274 2318; x_wconf 82' lang='lat' dir='ltr'>huic</span> <span class='ocrx_word' id='word_1_194' title='bbox 288 2259 336 2319; x_wconf 82' lang='lat' dir='ltr'>vel</span> <span class='ocrx_word' id='word_1_195' title='bbox 355 2258 475 2318; x_wconf 88' lang='lat' dir='ltr'>oonhnis</span> <span class='ocrx_word' id='word_1_196' title='bbox 491 2256 540 2317; x_wconf 90' lang='lat' dir='ltr'>vel</span> <span class='ocrx_word' id='word_1_197' title='bbox 558 2258 659 2318; x_wconf 91' lang='lat' dir='ltr'>eadem</span> <span class='ocrx_word' id='word_1_198' title='bbox 676 2266 738 2334; x_wconf 87' lang='lat' dir='ltr'>est,</span> <span class='ocrx_word' id='word_1_199' title='bbox 754 2275 810 2337; x_wconf 89' lang='lat' dir='ltr'>qua</span> <span class='ocrx_word' id='word_1_200' title='bbox 825 2275 900 2318; x_wconf 87' lang='lat' dir='ltr'>nunc</span> <span class='ocrx_word' id='word_1_201' title='bbox 913 2260 1017 2318; x_wconf 89' lang='lat' dir='ltr'>utimur</span> <span class='ocrx_word' id='word_1_202' title='bbox 1032 2258 1121 2336; x_wconf 87' lang='lat' dir='ltr'>pluri-</span> 
     </span>
     <span class='ocr_line' id='line_1_26' title="bbox 117 2340 1122 2421; baseline 0.002 -21"><span class='ocrx_word' id='word_1_203' title='bbox 117 2359 200 2400; x_wconf 89' lang='lat' dir='ltr'>mum.</span> <span class='ocrx_word' id='word_1_204' title='bbox 239 2340 297 2401; x_wconf 87' lang='lat' dir='ltr'>lam</span> <span class='ocrx_word' id='word_1_205' title='bbox 321 2343 395 2402; x_wconf 89' lang='lat' dir='ltr'>enirn</span> <span class='ocrx_word' id='word_1_206' title='bbox 418 2341 495 2403; x_wconf 92' lang='lat' dir='ltr'>adid</span> <span class='ocrx_word' id='word_1_207' title='bbox 511 2360 619 2420; x_wconf 78' lang='lat' dir='ltr'>genus,</span> <span class='ocrx_word' id='word_1_208' title='bbox 642 2342 720 2420; x_wconf 93' lang='lat' dir='ltr'>quod</span> <span class='ocrx_word' id='word_1_209' title='bbox 739 2350 768 2402; x_wconf 91' lang='lat' dir='ltr'>et</span> <span class='ocrx_word' id='word_1_210' title='bbox 792 2341 1057 2421; x_wconf 78' lang='lat' dir='ltr'>frequentissimum</span> <span class='ocrx_word' id='word_1_211' title='bbox 1075 2353 1122 2403; x_wconf 87' lang='lat' dir='ltr'>est</span> 
     </span>
     <span class='ocr_line' id='line_1_27' title="bbox 118 2425 1122 2505; baseline 0 -20"><span class='ocrx_word' id='word_1_212' title='bbox 118 2434 148 2486; x_wconf 89' lang='lat' dir='ltr'>et</span> <span class='ocrx_word' id='word_1_213' title='bbox 164 2425 315 2504; x_wconf 86' lang='lat' dir='ltr'>expectari</span> <span class='ocrx_word' id='word_1_214' title='bbox 336 2427 459 2487; x_wconf 87' lang='lat' dir='ltr'>maxime</span> <span class='ocrx_word' id='word_1_215' title='bbox 475 2427 575 2503; x_wconf 89' lang='lat' dir='ltr'>credo,</span> <span class='ocrx_word' id='word_1_216' title='bbox 591 2427 763 2487; x_wconf 86' lang='lat' dir='ltr'>veniendum</span> <span class='ocrx_word' id='word_1_217' title='bbox 778 2434 834 2502; x_wconf 87' lang='lat' dir='ltr'>est,</span> <span class='ocrx_word' id='word_1_218' title='bbox 848 2429 877 2486; x_wconf 93' lang='lat' dir='ltr'>in</span> <span class='ocrx_word' id='word_1_219' title='bbox 893 2443 950 2504; x_wconf 91' lang='lat' dir='ltr'>quo</span> <span class='ocrx_word' id='word_1_220' title='bbox 966 2444 1020 2505; x_wconf 89' lang='lat' dir='ltr'>per</span> <span class='ocrx_word' id='word_1_221' title='bbox 1033 2444 1122 2505; x_wconf 92' lang='lat' dir='ltr'>quau·</span> 
     </span>
     <span class='ocr_line' id='line_1_28' title="bbox 118 2509 1121 2592; baseline 0 -23"><span class='ocrx_word' id='word_1_222' title='bbox 118 2509 181 2569; x_wconf 89' lang='lat' dir='ltr'>dam</span> <span class='ocrx_word' id='word_1_223' title='bbox 208 2509 472 2589; x_wconf 85' lang='lat' dir='ltr'>suspicionem,</span> <span class='ocrx_word' id='word_1_224' title='bbox 505 2510 582 2591; x_wconf 92' lang='lat' dir='ltr'>quod</span> <span class='ocrx_word' id='word_1_225' title='bbox 601 2511 665 2592; x_wconf 61' lang='lat' dir='ltr'>juon</span> <span class='ocrx_word' id='word_1_226' title='bbox 686 2510 821 2587; x_wconf 82' lang='lat' dir='ltr'>dicimus,</span> <span class='ocrx_word' id='word_1_227' title='bbox 852 2512 946 2588; x_wconf 85' lang='lat' dir='ltr'>accipi</span> <span class='ocrx_word' id='word_1_228' title='bbox 966 2509 1121 2584; x_wconf 82' lang='lat' dir='ltr'>uolumus,</span> 
     </span>
    </p>

    <p class='ocr_par' dir='ltr' id='par_1_7' title="bbox 2 2593 1123 2677">
     <span class='ocr_line' id='line_1_29' title="bbox 2 2593 1123 2677; baseline 0.001 -25"><span class='ocrx_word' id='word_1_229' title='bbox 2 2610 4 2614; x_wconf 89' lang='lat'>·</span> <span class='ocrx_word' id='word_1_230' title='bbox 117 2610 174 2653; x_wconf 93' lang='lat' dir='ltr'>nou</span> <span class='ocrx_word' id='word_1_231' title='bbox 189 2596 288 2672; x_wconf 89' lang='lat' dir='ltr'>utique</span> <span class='ocrx_word' id='word_1_232' title='bbox 314 2597 504 2670; x_wconf 85' lang='lat' dir='ltr'>contrarium,</span> <span class='ocrx_word' id='word_1_233' title='bbox 526 2604 557 2654; x_wconf 91' lang='lat' dir='ltr'>ut</span> <span class='ocrx_word' id='word_1_234' title='bbox 577 2597 606 2655; x_wconf 88' lang='lat' dir='ltr'>in</span> <span class='ocrx_word' id='word_1_235' title='bbox 622 2595 768 2677; x_wconf 72' lang='grc' dir='ltr'><strong><em>εἰρωνὲίςι,</em></strong></span> <span class='ocrx_word' id='word_1_236' title='bbox 791 2594 843 2654; x_wconf 90' lang='lat' dir='ltr'>sed</span> <span class='ocrx_word' id='word_1_237' title='bbox 866 2594 943 2654; x_wconf 90' lang='lat' dir='ltr'>aliud</span> <span class='ocrx_word' id='word_1_238' title='bbox 969 2593 1064 2654; x_wconf 90' lang='lat' dir='ltr'>latens</span> <span class='ocrx_word' id='word_1_239' title='bbox 1093 2603 1123 2654; x_wconf 88' lang='lat' dir='ltr'>et</span> 
     </span>
    </p>

    <p class='ocr_par' dir='ltr' id='par_1_8' title="bbox 117 2677 1123 2758">
     <span class='ocr_line' id='line_1_30' title="bbox 117 2677 1123 2758; baseline 0 -21"><span class='ocrx_word' id='word_1_240' title='bbox 117 2678 239 2741; x_wconf 86' lang='lat' dir='ltr'>auditori</span> <span class='ocrx_word' id='word_1_241' title='bbox 263 2681 344 2758; x_wconf 88' lang='lat' dir='ltr'>quasi</span> <span class='ocrx_word' id='word_1_242' title='bbox 367 2679 576 2740; x_wconf 85' lang='lat' dir='ltr'>inveniendum.</span> <span class='ocrx_word' id='word_1_243' title='bbox 616 2677 718 2754; x_wconf 82' lang='lat' dir='ltr'>Quod,</span> <span class='ocrx_word' id='word_1_244' title='bbox 740 2686 770 2737; x_wconf 91' lang='lat' dir='ltr'>ut</span> <span class='ocrx_word' id='word_1_245' title='bbox 795 2696 882 2757; x_wconf 90' lang='lat' dir='ltr'>supra</span> <span class='ocrx_word' id='word_1_246' title='bbox 907 2677 1039 2755; x_wconf 85' lang='lat' dir='ltr'>ostendi,</span> <span class='ocrx_word' id='word_1_247' title='bbox 1066 2678 1123 2738; x_wconf 90' lang='lat' dir='ltr'>iam</span> 
     </span>
    </p>

    <p class='ocr_par' dir='ltr' id='par_1_9' title="bbox 103 2762 1123 2838">
     <span class='ocr_line' id='line_1_31' title="bbox 103 2762 1123 2838; baseline 0.002 -18"><span class='ocrx_word' id='word_1_248' title='bbox 103 2762 180 2821; x_wconf 63' lang='lat' dir='ltr'>‘lere</span> <span class='ocrx_word' id='word_1_249' title='bbox 198 2762 291 2822; x_wconf 87' lang='lat' dir='ltr'>solum</span> <span class='ocrx_word' id='word_1_250' title='bbox 309 2763 452 2825; x_wconf 90' lang='lat' dir='ltr'>schema</span> <span class='ocrx_word' id='word_1_251' title='bbox 467 2781 483 2823; x_wconf 90' lang='lat' dir='ltr'>a</span> <span class='ocrx_word' id='word_1_252' title='bbox 498 2764 605 2822; x_wconf 91' lang='lat' dir='ltr'>nostris</span> <span class='ocrx_word' id='word_1_253' title='bbox 619 2771 753 2838; x_wconf 85' lang='lat' dir='ltr'>uocatur,</span> <span class='ocrx_word' id='word_1_254' title='bbox 769 2770 797 2822; x_wconf 92' lang='lat' dir='ltr'>et</span> <span class='ocrx_word' id='word_1_255' title='bbox 808 2762 885 2822; x_wconf 89' lang='lat' dir='ltr'>unde</span> <span class='ocrx_word' id='word_1_256' title='bbox 901 2763 1123 2822; x_wconf 83' lang='lat' dir='ltr'>controversiae</span> 
     </span>
    </p>

    <p class='ocr_par' dir='ltr' id='par_1_10' title="bbox 75 2842 1123 2924">
     <span class='ocr_line' id='line_1_32' title="bbox 75 2842 1123 2924; baseline -0.003 -15"><span class='ocrx_word' id='word_1_257' title='bbox 75 2844 303 2922; x_wconf 79' lang='lat' dir='ltr'>diiiguratae</span> <span class='ocrx_word' id='word_1_258' title='bbox 327 2848 467 2908; x_wconf 91' lang='lat' dir='ltr'>dicuntur.</span> <span class='ocrx_word' id='word_1_259' title='bbox 478 2842 485 2906; x_wconf 76' lang='lat' dir='ltr'><strong><em>J</em></strong></span> <span class='ocrx_word' id='word_1_260' title='bbox 505 2846 576 2906; x_wconf 86' lang='lat' dir='ltr'>Eius</span> <span class='ocrx_word' id='word_1_261' title='bbox 592 2846 699 2924; x_wconf 85' lang='lat' dir='ltr'>triplex</span> <span class='ocrx_word' id='word_1_262' title='bbox 715 2864 784 2905; x_wconf 89' lang='lat' dir='ltr'>usus</span> <span class='ocrx_word' id='word_1_263' title='bbox 799 2854 859 2906; x_wconf 88' lang='lat' dir='ltr'>est:</span> <span class='ocrx_word' id='word_1_264' title='bbox 883 2864 957 2905; x_wconf 90' lang='lat' dir='ltr'>unus</span> <span class='ocrx_word' id='word_1_265' title='bbox 981 2846 1006 2905; x_wconf 91' lang='lat' dir='ltr'>si</span> <span class='ocrx_word' id='word_1_266' title='bbox 1022 2845 1123 2906; x_wconf 84' lang='lat' dir='ltr'>dicare</span> 
     </span>
    </p>

    <p class='ocr_par' dir='ltr' id='par_1_11' title="bbox 118 2928 1123 3008">
     <span class='ocr_line' id='line_1_33' title="bbox 118 2928 1123 3008; baseline 0.001 -19"><span class='ocrx_word' id='word_1_267' title='bbox 118 2929 213 3007; x_wconf 91' lang='lat' dir='ltr'>palam</span> <span class='ocrx_word' id='word_1_268' title='bbox 228 2947 327 3008; x_wconf 88' lang='lat' dir='ltr'>parum</span> <span class='ocrx_word' id='word_1_269' title='bbox 348 2939 438 2992; x_wconf 90' lang='lat' dir='ltr'>tutum</span> <span class='ocrx_word' id='word_1_270' title='bbox 458 2939 520 3004; x_wconf 91' lang='lat' dir='ltr'>est,</span> <span class='ocrx_word' id='word_1_271' title='bbox 544 2929 619 2990; x_wconf 90' lang='lat' dir='ltr'>alter</span> <span class='ocrx_word' id='word_1_272' title='bbox 636 2931 660 2989; x_wconf 90' lang='lat' dir='ltr'>si</span> <span class='ocrx_word' id='word_1_273' title='bbox 677 2945 735 2989; x_wconf 92' lang='lat' dir='ltr'>nou</span> <span class='ocrx_word' id='word_1_274' title='bbox 750 2928 853 3004; x_wconf 87' lang='lat' dir='ltr'>decet,</span> <span class='ocrx_word' id='word_1_275' title='bbox 869 2929 990 3006; x_wconf 87' lang='lat' dir='ltr'>tertius,</span> <span class='ocrx_word' id='word_1_276' title='bbox 1008 2932 1056 3008; x_wconf 94' lang='lat' dir='ltr'>qui</span> <span class='ocrx_word' id='word_1_277' title='bbox 1071 2948 1123 2990; x_wconf 83' lang='lat' dir='ltr'>ue·</span> 
     </span>
    </p>

    <p class='ocr_par' dir='ltr' id='par_1_12' title="bbox 118 3012 1123 3176">
     <span class='ocr_line' id='line_1_34' title="bbox 118 3012 1123 3092; baseline 0.003 -21"><span class='ocrx_word' id='word_1_278' title='bbox 118 3015 239 3073; x_wconf 91' lang='lat' dir='ltr'>nustatis</span> <span class='ocrx_word' id='word_1_279' title='bbox 259 3014 346 3075; x_wconf 91' lang='lat' dir='ltr'>modo</span> <span class='ocrx_word' id='word_1_280' title='bbox 361 3015 454 3091; x_wconf 76' lang='lat' dir='ltr'>gratia</span> <span class='ocrx_word' id='word_1_281' title='bbox 475 3012 628 3074; x_wconf 88' lang='lat' dir='ltr'>adhibetur</span> <span class='ocrx_word' id='word_1_282' title='bbox 647 3015 759 3092; x_wconf 87' lang='lat' dir='ltr'>etipsa</span> <span class='ocrx_word' id='word_1_283' title='bbox 780 3014 908 3074; x_wconf 89' lang='lat' dir='ltr'>novitate</span> <span class='ocrx_word' id='word_1_284' title='bbox 929 3031 964 3073; x_wconf 91' lang='lat' dir='ltr'>ac</span> <span class='ocrx_word' id='word_1_285' title='bbox 979 3015 1123 3074; x_wconf 86' lang='lat' dir='ltr'>varietate</span> 
     </span>
     <span class='ocr_line' id='line_1_35' title="bbox 119 3097 792 3176; baseline 0.001 -22"><span class='ocrx_word' id='word_1_286' title='bbox 119 3097 220 3173; x_wconf 84' lang='lat' dir='ltr'>magis,</span> <span class='ocrx_word' id='word_1_287' title='bbox 238 3099 362 3176; x_wconf 89' lang='lat' dir='ltr'>quamsi</span> <span class='ocrx_word' id='word_1_288' title='bbox 377 3097 481 3157; x_wconf 86' lang='lat' dir='ltr'>relatio</span> <span class='ocrx_word' id='word_1_289' title='bbox 496 3098 533 3157; x_wconf 86' lang='lat' dir='ltr'>sit</span> <span class='ocrx_word' id='word_1_290' title='bbox 545 3106 637 3173; x_wconf 89' lang='lat' dir='ltr'>recta,</span> <span class='ocrx_word' id='word_1_291' title='bbox 655 3097 792 3158; x_wconf 89' lang='lat' dir='ltr'>delectat.</span> 
     </span>
    </p>

    <p class='ocr_par' dir='ltr' id='par_1_13' title="bbox 76 3178 1123 3512">
     <span class='ocr_line' id='line_1_36' title="bbox 76 3178 1121 3261; baseline -0.003 -18"><span class='ocrx_word' id='word_1_292' title='bbox 76 3184 110 3243; x_wconf 81' lang='lat'>67</span> <span class='ocrx_word' id='word_1_293' title='bbox 200 3178 247 3243; x_wconf 74' lang='lat' dir='ltr'>Ex</span> <span class='ocrx_word' id='word_1_294' title='bbox 264 3180 319 3257; x_wconf 83' lang='lat' dir='ltr'>his,</span> <span class='ocrx_word' id='word_1_295' title='bbox 336 3181 414 3260; x_wconf 89' lang='lat' dir='ltr'>quod</span> <span class='ocrx_word' id='word_1_296' title='bbox 429 3189 474 3241; x_wconf 90' lang='lat' dir='ltr'>est</span> <span class='ocrx_word' id='word_1_297' title='bbox 489 3183 619 3259; x_wconf 89' lang='lat' dir='ltr'>primum,</span> <span class='ocrx_word' id='word_1_298' title='bbox 640 3181 778 3261; x_wconf 87' lang='lat' dir='ltr'>frequens</span> <span class='ocrx_word' id='word_1_299' title='bbox 792 3183 822 3241; x_wconf 92' lang='lat' dir='ltr'>in</span> <span class='ocrx_word' id='word_1_300' title='bbox 834 3181 944 3242; x_wconf 90' lang='lat' dir='ltr'>scholis</span> <span class='ocrx_word' id='word_1_301' title='bbox 961 3190 1017 3242; x_wconf 88' lang='lat' dir='ltr'>est.</span> <span class='ocrx_word' id='word_1_302' title='bbox 1048 3179 1121 3241; x_wconf 84' lang='lat' dir='ltr'>Nam</span> 
     </span>
     <span class='ocr_line' id='line_1_37' title="bbox 119 3263 1123 3344; baseline 0.001 -21"><span class='ocrx_word' id='word_1_303' title='bbox 119 3267 316 3343; x_wconf 85' lang='lat' dir='ltr'>etpactioues</span> <span class='ocrx_word' id='word_1_304' title='bbox 333 3265 537 3344; x_wconf 90' lang='lat' dir='ltr'>deponentium</span> <span class='ocrx_word' id='word_1_305' title='bbox 554 3266 703 3344; x_wconf 90' lang='lat' dir='ltr'>imperium</span> <span class='ocrx_word' id='word_1_306' title='bbox 728 3274 913 3342; x_wconf 72' lang='lat' dir='ltr'>tyrannorum</span> <span class='ocrx_word' id='word_1_307' title='bbox 929 3274 958 3326; x_wconf 91' lang='lat' dir='ltr'>et</span> <span class='ocrx_word' id='word_1_308' title='bbox 977 3274 1045 3344; x_wconf 87' lang='lat' dir='ltr'>post</span> <span class='ocrx_word' id='word_1_309' title='bbox 1060 3263 1123 3324; x_wconf 91' lang='lat' dir='ltr'>hel·</span> 
     </span>
     <span class='ocr_line' id='line_1_38' title="bbox 118 3347 1123 3428; baseline 0.001 -22"><span class='ocrx_word' id='word_1_310' title='bbox 118 3347 176 3408; x_wconf 89' lang='lat' dir='ltr'>lum</span> <span class='ocrx_word' id='word_1_311' title='bbox 198 3349 285 3411; x_wconf 88' lang='lat' dir='ltr'>civile</span> <span class='ocrx_word' id='word_1_312' title='bbox 305 3358 423 3409; x_wconf 90' lang='lat' dir='ltr'>senatus</span> <span class='ocrx_word' id='word_1_313' title='bbox 453 3348 585 3409; x_wconf 91' lang='lat' dir='ltr'>consulta</span> <span class='ocrx_word' id='word_1_314' title='bbox 616 3349 761 3428; x_wconf 76' lang='lat' dir='ltr'>linguntur</span> <span class='ocrx_word' id='word_1_315' title='bbox 782 3358 812 3410; x_wconf 89' lang='lat' dir='ltr'>et</span> <span class='ocrx_word' id='word_1_316' title='bbox 840 3350 965 3428; x_wconf 89' lang='lat' dir='ltr'>capitale</span> <span class='ocrx_word' id='word_1_317' title='bbox 992 3349 1123 3409; x_wconf 89' lang='lat' dir='ltr'>obiicere</span> 
     </span>
     <span class='ocr_line' id='line_1_39' title="bbox 117 3426 1123 3512; baseline 0.005 -23"><span class='ocrx_word' id='word_1_318' title='bbox 117 3439 266 3500; x_wconf 89' lang='lat' dir='ltr'>anteacta;</span> <span class='ocrx_word' id='word_1_319' title='bbox 282 3440 323 3510; x_wconf 91' lang='lat' dir='ltr'>ut,</span> <span class='ocrx_word' id='word_1_320' title='bbox 342 3431 418 3511; x_wconf 93' lang='lat' dir='ltr'>quod</span> <span class='ocrx_word' id='word_1_321' title='bbox 434 3434 463 3492; x_wconf 94' lang='lat' dir='ltr'>in</span> <span class='ocrx_word' id='word_1_322' title='bbox 478 3432 544 3493; x_wconf 88' lang='lat' dir='ltr'>loro</span> <span class='ocrx_word' id='word_1_323' title='bbox 559 3449 617 3492; x_wconf 93' lang='lat' dir='ltr'>uon</span> <span class='ocrx_word' id='word_1_324' title='bbox 632 3432 762 3512; x_wconf 85' lang='lat' dir='ltr'>expedit,</span> <span class='ocrx_word' id='word_1_325' title='bbox 785 3426 847 3494; x_wconf 89' lang='lat' dir='ltr'>illic</span> <span class='ocrx_word' id='word_1_326' title='bbox 862 3451 918 3494; x_wconf 89' lang='lat' dir='ltr'>nec</span> <span class='ocrx_word' id='word_1_327' title='bbox 932 3433 1030 3494; x_wconf 78' lang='lat' dir='ltr'>liceat·</span> <span class='ocrx_word' id='word_1_328' title='bbox 1062 3430 1123 3494; x_wconf 81' lang='lat' dir='ltr'>Sed</span> 
     </span>
    </p>
   </div>
   <div class='ocr_carea' id='block_1_3' title="bbox 0 0 1208 3854">
    <p class='ocr_par' dir='ltr' id='par_1_14' title="bbox 0 0 1208 3854">
     <span class='ocr_line' id='line_1_40' title="bbox 0 0 1208 3854; baseline 0 1"><span class='ocrx_word' id='word_1_329' title='bbox 0 0 1208 3854; x_wconf 95' lang='lat' dir='ltr'> </span> 
     </span>
    </p>
   </div>
  </div>
 </body>
</html>
