2408 3854
100 225 105 234 Ι
146 152 208 215 tid
354 175 357 182 ·
409 150 411 153 ’
459 165 823 226 n.sas.ou1ur11.1su1

146 325 251 400 litas,
268 340 305 396 ne
320 337 418 382 sermo
428 319 572 380 subsultet
589 318 744 399 imparibus
756 320 857 398 spatiis
872 338 908 381 ac
918 322 1009 398 sonis,
1025 323 1155 386 miscens

146 408 235 485 longa
250 405 403 480 breulius,
420 405 523 482 mavia
537 405 645 478 acutis,
664 403 741 464 elata
756 405 931 481 summissis,
950 415 980 465 ει
994 407 1154 487 inaequali·

146 501 206 553 tate
221 491 323 551 horum
338 489 463 549 omnium
476 488 553 547 sicat
572 485 678 564 pedum
695 485 854 558 claudicet;
878 489 1007 551 secunda
1029 495 1153 552 varie·

103 584 217 649 tatas,
237 574 314 654 quod
334 572 428 633 solum
443 575 490 632 εει
504 571 709 649 pronuntiatio.
736 569 782 633 Ac
798 590 836 632 ue
850 573 915 651 quis
931 591 1061 651 pugnare
1077 577 1155 636 inter

145 677 178 719 ss
194 667 277 738 putet
297 656 503 737 aeqrralitatem
518 662 548 714 et
561 655 747 731 varietatem,
768 671 833 715 cum
853 654 898 716 illi
918 657 1016 716 virtuti
1037 668 1154 720 contra-

144 744 217 804 rium
237 743 335 802 sitium
354 742 392 800 sit
412 738 621 818 inaequalitas,
648 738 731 815 haic,
761 739 839 818 qnod
865 739 969 800 dieitur
994 740 1152 820 μονοειδὲς,

145 829 227 906 quasi
243 824 356 904 quidam
371 836 443 885 unus
459 830 606 902 aspectus.
630 821 688 883 Ars
702 840 792 902 porro
807 823 935 884 variandi
951 843 1015 884 cum
1031 827 1153 903 gratiam

144 910 267 989 praebet
288 927 323 970 ac
342 917 464 969 renovat
486 924 589 983 aures,
615 915 674 967 turn
689 907 834 969 dicentem
857 910 921 986 ipsa
936 907 1046 969 laboris
1062 918 1155 970 muta-

143 996 223 1054 tione
243 993 353 1068 reiicit,
376 1001 406 1052 ut
424 991 534 1066 standi,
564 990 726 1052 ambulandi
733 1035 742 1066 ,
770 991 908 1068 sedendi,
935 992 1049 1053 iacendi
1070 995 1154 1054 sices

102 1087 224 1153 essunt,
251 1076 381 1154 nihilque
404 1093 505 1138 eoram
526 1076 586 1154 pati
606 1093 692 1136 unum
716 1075 764 1137 diu
784 1092 949 1155 possumus.
983 1074 1058 1137 Illud
1080 1095 1154 1138 vero

144 1161 310 1237 maximum,
333 1159 404 1238 (sed
422 1160 452 1221 id
472 1158 560 1239 paulo
581 1168 650 1238 post
670 1158 873 1239 tractabimus)
893 1159 971 1238 quod
995 1161 1155 1221 secundum

143 1245 285 1306 rationem
309 1261 421 1321 rerum,
449 1243 486 1305 de
509 1242 611 1321 quibus
635 1243 770 1319 dicimus,
799 1246 1015 1322 animorumque
1039 1243 1154 1305 habitus

145 1327 350 1390 conformanda
364 1344 424 1388 vox
439 1335 494 1404 est,
509 1343 548 1386 ne
565 1326 601 1386 ab
617 1328 751 1387 oratione
766 1327 924 1389 discordet.
951 1326 1083 1388 vitemus
1100 1329 1155 1405 igi·

144 1424 190 1474 tur
204 1412 300 1488 illam,
319 1417 394 1490 quae
412 1409 525 1471 Graece
540 1410 697 1489 pooocooln
709 1420 848 1487 vocatur,
865 1429 921 1472 uua
934 1411 1076 1490 quaedam
1093 1414 1154 1490 spi-

143 1500 214 1556 ritus
230 1514 266 1557 ac
280 1497 345 1555 soni
360 1496 495 1564 intentio:
521 1512 578 1554 non
595 1494 689 1555 solum
704 1512 741 1554 ue
756 1495 885 1556 dicamus
900 1497 996 1557 omnia
1011 1494 1154 1571 clamose,

145 1580 223 1658 quod
238 1581 367 1640 insanum
382 1587 442 1656 est,
465 1587 513 1640 aut
526 1580 600 1639 intra
615 1578 754 1658 loquendi
769 1579 899 1653 modum,
918 1579 996 1656 quod
1011 1587 1089 1639 notu
1106 1596 1156 1639 ca·

144 1673 206 1739 ret,
226 1673 275 1723 aut
288 1664 441 1723 summisso
462 1680 622 1739 murmure,
645 1680 702 1742 quo
720 1664 805 1723 etiam
819 1661 985 1723 debilitatur
1007 1664 1098 1722 omnis
1113 1665 1155 1722 in-

100 1748 248 1816 attentio:
278 1746 331 1807 sed
351 1757 382 1807 ut
405 1748 433 1805 ia
453 1745 556 1807 iisdem
578 1744 708 1825 partibus
737 1746 898 1824 iisdemque
924 1745 1077 1806 affectibus
1099 1747 1157 1806 sint

142 1841 238 1892 tamen
260 1831 400 1909 quaedam
421 1848 479 1890 non
502 1832 542 1891 ita
561 1836 684 1908 magnae
704 1831 789 1890 vocis
814 1829 1043 1907 declinationes,
1066 1839 1156 1908 prout

143 1924 191 1975 aut
213 1914 369 1975 verborum
388 1914 512 1993 dignitas
530 1922 578 1974 aut
592 1915 798 1974 sententiarum
818 1923 919 1995 natura
935 1923 984 1974 aut
1005 1913 1154 1993 depositio

143 2007 190 2059 aut
210 1999 338 2076 inceptio
362 2006 411 2058 aut
425 1997 758 2076 transitus'postulabit:
782 2005 828 2073 ut,
846 1997 900 2077 qui
915 1997 1037 2074 singulis
1052 1999 1154 2077 pinxe-

142 2092 207 2142 runt
224 2079 390 2157 colorilus,
414 2082 471 2142 alia
488 2090 583 2141 tamen
602 2078 794 2143 eminentiora
814 2081 871 2142 alia
885 2080 1051 2151 reductiora
1072 2081 1154 2141 iece-

142 2175 224 2242 runt,
253 2167 315 2225 siae
340 2181 459 2243 quone
480 2164 617 2224 membris
645 2165 760 2244 quidem
787 2182 854 2226 suas
879 2165 970 2226 liaeus
992 2164 1153 2242 dedissent.

100 2255 134 2310 tt
141 2250 339 2328 Proponamus
356 2248 432 2308 eninr
442 2248 527 2308 nobis
538 2247 609 2310 illud
623 2247 775 2310 ciceronis
787 2250 816 2308 iu
831 2245 964 2310 oratione
975 2247 1156 2310 nobilissima

120 2328 195 2411 'pro
205 2331 313 2391 llilone
330 2332 518 2411 principium,
534 2349 630 2393 noane
644 2334 681 2394 ad
695 2332 826 2411 singulas
840 2350 934 2411 paene
950 2331 1152 2393 distinctiones

143 2416 272 2494 quamvis
300 2415 329 2474 in
352 2415 455 2477 eadem
476 2416 553 2476 iacie
575 2426 671 2478 tamen
693 2418 775 2495 quasi
795 2417 891 2477 ruinas
913 2416 1064 2478 mutandus
1090 2425 1156 2476 est:

143 2497 210 2562 aas
221 2517 347 2576 vereor,
368 2499 505 2578 iudices,
527 2521 566 2562 ne
581 2510 670 2580 turpe
684 2503 740 2576 sit,
761 2519 820 2580 pro
834 2502 1000 2579 fortissimo
1018 2502 1088 2562 ciro
1104 2501 1154 2562 di·

99 2591 213 2647 480ere
226 2585 421 2664 incipientem
434 2586 563 2648 timere?
591 2584 711 2646 Etiamsi
726 2593 789 2644 toto
804 2584 957 2664 proposito
975 2593 1155 2645 contractum

69 2678 72 2683 “
143 2676 230 2748 atque
248 2668 439 2745 summissum,
456 2671 522 2748 quia
538 2677 567 2729 et
582 2667 733 2729 exordium
749 2677 836 2728 estet
851 2668 971 2730 solliciti
986 2669 1154 2728 exordium:

143 2762 237 2811 tamen
253 2751 339 2811 luerit
354 2770 479 2812 necesse
498 2752 668 2835 estaliquid
684 2752 798 2831 plenius
815 2761 844 2813 et
861 2754 1006 2828 erectius,
1031 2768 1096 2812 cunr
1112 2750 1156 2811 di·

140 2837 181 2894 ,cit
200 2833 261 2896 Pro
278 2836 445 2915 fortissimo
459 2838 541 2912 ciro,
563 2852 648 2916 quam
663 2854 726 2897 cum
742 2834 809 2899 usn
820 2855 931 2900 vereor
951 2846 982 2896 et
1000 2834 1103 2915 Turpe
1116 2835 1159 2895 ss't

99 2925 172 2979 ditet
189 2915 316 2981 Timere.
345 2917 405 2980 lam
428 2920 556 2983 secunda
577 2922 732 3000 respiratio
750 2923 896 2982 increscat
920 2929 1038 2999 oportet
1059 2928 1090 2979 et
1105 2935 1157 2977 na·

142 3001 226 3061 turali
247 3002 371 3082 quodam
394 3015 516 3082 conatu,
539 3021 597 3083 quo
620 3006 712 3064 minus
727 3005 833 3082 pavide
850 3004 986 3080 dicimus,
1015 3016 1091 3082 quae
1108 3018 1155 3061 se·

142 3094 282 3164 quantur,
306 3095 336 3146 et
352 3088 430 3166 quod
445 3087 612 3166 magnitudo
627 3087 712 3149 animi
727 3088 843 3153 llilonis
861 3087 1038 3148 ostenditur:
1062 3083 1155 3147 llini-

141 3185 248 3249 meque
271 3171 396 3252 decent,
418 3191 487 3236 cuns
510 3171 542 3237 Τ.
556 3168 677 3233 Aemus
695 3173 762 3251 ipse
775 3174 877 3252 napis
896 3172 936 3234 de
950 3169 1159 3249 reipublicae

141 3256 240 3316 solam
262 3270 355 3335 quarn
376 3257 416 3318 de
436 3275 495 3318 sun
512 3252 723 3333 perturbetur.
758 3255 872 3317 Deinde
890 3256 973 3336 quasi
989 3253 1158 3331 obiurgatio

76 3378 79 3383 -
142 3338 186 3396 sui
209 3347 267 3398 est:
294 3336 344 3400 Me
365 3338 499 3416 adeius
519 3342 648 3400 consent
666 3357 776 3418 parem
798 3340 894 3402 ammi
915 3339 1158 3417 mopnitudinens

100 3420 255 3502 scaffen-rs
268 3441 330 3484 non
344 3440 447 3501 posse.
478 3420 552 3483 'lum
574 3422 776 3484 invidiosiora:
797 3421 911 3485 Tamen
929 3422 1007 3484 tusc
1021 3422 1096 3483 noos'
1108 3422 1157 3483 in·

140 3580 313 3636 A
