2408 3854
161 181 220 244 too
476 192 512 238 u.
529 189 606 239 nnn.
623 190 842 250 ournrrnrnnr

159 356 187 407 et
202 347 368 425 speciosum
384 344 497 405 dicendi
512 362 622 422 genos,
643 352 720 417 tanta
742 344 908 405 verborum*
918 347 1004 406 etiam
1019 364 1094 425 quae
1109 365 1157 418 as·

87 467 92 476 ·
157 440 269 509 sumpta
284 438 349 491 sunt
359 429 535 509 proprietas,
551 436 628 488 tanta
643 429 671 487 in
683 427 852 506 quibusdam
864 447 901 489 ex
913 430 1045 508 periculo
1054 427 1159 509 'petitis

99 514 351 593 laasignilicantia.
381 511 543 588 Habebunt,
561 513 608 590 qui
624 521 691 590 post
713 529 768 571 nos
783 511 818 573 de
838 513 1001 573 oratoribus
1017 514 1159 590 scribent,

154 617 285 676 magnam
301 614 365 673 eoa,
382 598 430 675 qui
449 613 523 657 nune
537 598 646 672 vigent,
665 598 812 657 materiam
826 615 897 656 vere
911 597 1054 657 laudandi.
1086 598 1159 657 Sunt

104 716 107 719 ·
154 684 228 743 enirn
243 699 351 741 summa
365 680 468 755 hodie,
489 679 593 758 quibus
608 678 768 739 illustrator
782 679 894 755 lorum,
909 681 1035 756 ingenia.
1072 680 1156 741 Nam-

155 784 211 846 que
245 774 275 825 et
303 765 489 825 consummati
516 764 570 824 iam
595 764 709 841 patroni
736 763 885 825 veteribus
914 763 1095 825 aemulantur
1129 774 1159 824 et

155 867 207 909 eos
229 851 363 909 iuvenum
385 847 421 910 ad
444 848 550 926 optima
576 845 750 917 tendentium
771 848 896 907 imitatur
916 865 951 909 ac
967 849 1100 926 sequitur
1115 851 1157 909 in·

153 933 272 993 dustria.
1024 974 1029 981 ι

96 1028 147 1081 123
238 1016 416 1093 Supersunt,
441 1016 489 1093 qui
512 1014 550 1076 de
571 1013 815 1094 philosophia
837 1017 1023 1094 scripserint,
1053 1034 1110 1095 quo
1130 1019 1159 1077 in

153 1117 264 1177 genere
286 1100 476 1177 paucissimos
497 1098 590 1159 adhuc
611 1099 785 1177 eloquentes
808 1097 923 1161 litterae
945 1099 1092 1160 Romanae
1114 1109 1158 1159 tu·

154 1185 258 1243 lerunt.
292 1180 372 1243 ldcm
392 1184 478 1259 igitur
503 1181 541 1243 nt.
559 1180 720 1259 Tullius,
742 1184 790 1260 qui
806 1183 928 1262 ubique,
954 1185 1040 1243 etiam
1055 1185 1085 1243 in
1099 1183 1158 1244 hoc

155 1284 246 1345 opere
274 1265 402 1326 Platonis
431 1265 559 1326 aemulus
586 1267 689 1331 extitit.
732 1263 879 1345 Egregios
909 1284 981 1327 vero
1007 1267 1158 1345 multoque

155 1368 239 1430 quam
261 1352 291 1410 iu
319 1348 497 1411 orationibus
522 1351 716 1427 praestantior
738 1349 868 1411 Brutus
893 1351 1010 1410 suliecit
1033 1350 1158 1429 ponderi

96 1439 263 1501 labrorum
297 1434 373 1493 scias
399 1451 465 1492 eom
486 1433 595 1492 sentire
615 1451 691 1511 quae
714 1434 792 1494 dicit.
833 1435 957 1515 Scripsit
976 1451 1034 1494 non
1055 1451 1157 1513 parum

152 1517 240 1578 multa
256 1513 458 1577 Cornelius
474 1512 621 1593 Celsus,
642 1517 760 1578 Sextios
774 1527 905 1594 secutus,
923 1534 981 1578 non
996 1519 1059 1577 sine
1078 1517 1157 1577 cultu

152 1618 188 1661 ac
206 1601 310 1659 nitore.
351 1599 498 1661 Plautus
521 1601 549 1659 in
569 1599 676 1660 Stoicis
698 1619 794 1661 rernm
819 1601 977 1678 cognitioni
1000 1600 1088 1661 utilis.
1125 1600 1157 1660 ln

152 1683 308 1764 Epicureis
324 1683 397 1744 levis
418 1683 533 1763 quidem
554 1683 608 1745 sed
626 1701 683 1745 non
697 1683 865 1745 iniucundus
881 1693 976 1744 tamen
991 1693 1094 1745 auctor
1112 1693 1157 1743 est

95 1766 289 1829 rascatius.
316 1765 362 1829 Ex
373 1769 511 1831 industria
526 1767 704 1829 Senecam
719 1771 747 1829 in
760 1769 834 1829 omni
845 1786 957 1845 genere
970 1767 1156 1846 eloquentiae

152 1851 250 1912 distuli
261 1861 383 1933 propter
396 1850 542 1930 vulgatam
557 1851 634 1912 falso
648 1851 684 1913 de
699 1869 746 1913 me
760 1853 935 1929 opinionem,
952 1870 1008 1930 qua
1020 1850 1156 1912 damnare

152 1944 263 1996 comet
283 1936 404 1998 invisum
428 1951 544 2015 qnoque
565 1934 674 1997 habere
689 1954 752 1995 snm
768 1933 904 1996 creditus·
944 1934 1029 2008 Quod
1050 1932 1157 1995 accidit

151 2020 229 2095 mihi,
251 2019 316 2080 dum
333 2028 499 2099 corruptum
515 2028 544 2078 et
559 2019 689 2080 omnibns
703 2020 779 2079 vitiis
793 2018 915 2083 fractum
933 2019 1047 2082 dicendi
1062 2036 1157 2095 genus

93 2117 295 2170 126revocare
315 2102 351 2163 ad
374 2105 524 2163 severiora
544 2102 649 2164 iudicia
672 2101 826 2164 contendo.
867 2101 938 2163 Tum
961 2112 1056 2165 autern
1073 2101 1155 2162 solus

151 2187 199 2247 hic
214 2186 277 2247 iere
294 2185 466 2246 inmanibus
481 2184 709 2247 adolescentium
729 2186 791 2246 luit.
827 2185 920 2265 Quem
941 2203 998 2249 non
1021 2185 1157 2266 equidem

153 2272 266 2329 omnino
285 2268 413 2330 conabar
435 2278 575 2330 excutere
593 2269 646 2331 sed
667 2269 827 2349 potioribus
847 2269 990 2350 praeferri
1004 2287 1062 2330 non
1079 2270 1155 2328 sine·

150 2353 225 2432 ham,
244 2369 318 2431 quos
335 2352 385 2413 ille
401 2370 459 2413 non
474 2351 623 2415 destiterat
638 2353 800 2430 incessere,
817 2371 880 2414 cum
892 2353 999 2414 diversi
1015 2352 1070 2413 sibi
1086 2369 1155 2412 con·

150 2439 227 2496 seins
239 2438 357 2514 generis
369 2436 488 2517 placere
504 2455 537 2497 se
552 2439 580 2497 in
594 2437 717 2499 dicendo
730 2454 830 2516 posse,
848 2438 950 2516 quibus
967 2437 1011 2498 illi
1026 2435 1155 2514 placent,

149 2519 304 2582 diffideret.
333 2519 474 2582 Amabant
489 2529 584 2582 autem
600 2541 664 2582 eom
682 2522 774 2599 magis
789 2539 874 2599 quam
890 2520 1073 2582 imitabantur
1093 2528 1154 2580 tan·

141 2614 266 2683 tumque
290 2604 325 2666 ab
341 2623 377 2666 eo
393 2604 573 2680 delluebant,
596 2614 729 2684 quantum
751 2604 802 2665 ille
823 2604 860 2664 ab
883 2606 1006 2684 antiquis
1032 2603 1154 2664 descen·

93 2697 141 2751 rat
149 2689 240 2749 derat.
271 2689 362 2751 Foret
377 2692 450 2751 enim
466 2689 637 2768 optandum,
660 2706 746 2768 pares
764 2707 799 2749 ac
821 2688 924 2749 saltem
945 2689 1096 2768 proximos
1113 2686 1156 2746 illi

150 2774 213 2832 viro
230 2772 303 2833 lieri.
341 2774 399 2835 Sed
421 2773 556 2851 placebat
577 2782 698 2852 propter
717 2771 864 2833 solavitia
880 2771 959 2832 etad
977 2790 1011 2832 ca
1027 2788 1061 2831 se
1077 2770 1154 2849 quis·

152 2874 208 2932 que
221 2855 364 2933 dirigebat
377 2856 549 2935 ellingenda,
562 2875 638 2936 quae
648 2864 781 2935 poterat;
795 2855 898 2917 deinde
911 2874 975 2916 com
987 2874 1019 2914 se
1033 2857 1155 2915 iactaret

91 2939 254 2999 laheodem
275 2940 362 3000 modo
385 2941 500 3018 dicere,
523 2941 665 3001 Senecam
685 2939 848 3001 infamabat.
890 2938 978 3000 Cuius
1003 2948 1033 2999 et
1047 2936 1154 2999 multae

150 3020 258 3101 alioqui
276 3032 305 3084 et
320 3041 440 3101 magnae
455 3027 575 3084 virtutes
591 3025 722 3100 fuerunt,
741 3025 884 3101 ingenium
899 3022 988 3085 lacile
1006 3032 1036 3083 et
1053 3022 1153 3101 copio-

150 3124 228 3181 sum,
253 3106 403 3184 plurimum
428 3108 527 3183 studii,
548 3108 637 3168 multa
651 3125 746 3167 rernm
764 3109 906 3184 cognitio;
930 3109 959 3166 in
981 3124 1037 3185 qua
1059 3115 1154 3175 tamen

149 3188 303 3267 aliqnando
321 3189 357 3249 ab
374 3191 434 3266 his,
452 3191 554 3270 quibus
569 3186 737 3270 inquirenda
755 3191 895 3270 quaedam
911 3189 1080 3266 mandabat,
1103 3188 1153 3248 de·

151 3282 252 3351 ceptus
269 3283 323 3335 est.
361 3273 505 3336 Tractavit
520 3277 605 3336 etiam
620 3292 733 3337 omnem
745 3275 809 3335 lere
822 3271 981 3336 studiorum
994 3275 1152 3335 materiam,

95 3363 143 3417 129
152 3355 223 3415 Nam
240 3367 268 3417 et
284 3359 430 3419 orationes
449 3361 510 3420 eins
529 3369 557 3419 et
572 3369 706 3440 poemate
729 3368 758 3419 et
781 3358 925 3438 epistolae
941 3367 971 3421 et
986 3357 1097 3437 dialogi
1110 3355 1153 3416 ie·
1171 3375 1174 3385 ·

150 3449 257 3500 rentur.
290 3440 322 3501 ln
339 3442 522 3523 philosophia
539 3461 639 3522 parum
655 3442 790 3521 diligens,
807 3445 946 3522 egregius
960 3440 1150 3505 tamenvitio·
