2408 3854
362 215 452 264 insu.
465 214 615 265 crunon.
631 217 700 264 urs.
713 217 760 283 rx,
772 214 798 268 a.
1023 207 1081 270 123

79 370 306 449 deprehenditur
327 370 379 430 sed
399 371 560 449 respondet
580 370 629 430 vel
653 371 751 449 primis
771 373 846 432 inter
866 392 899 433 se
914 372 962 433 vel
978 374 1090 434 mediis·

78 453 128 516 vel
151 455 289 515 extremis
311 454 465 514 ueletiam
487 457 654 533 permutatis
675 455 735 530 his,
761 465 791 515 ut
812 457 905 517 media
926 459 1024 536 primis
1051 468 1080 518 et

79 555 187 599 summa
202 538 302 598 mediis
319 539 589 615 accommodentur,
615 547 645 598 et
668 555 842 617 quocunque
862 542 947 601 modo
966 559 1079 601 accom-

77 623 188 683 modari
204 630 311 701 potest.
341 621 444 701 Neque
461 625 535 682 enim
552 640 669 702 semper
683 623 800 700 paribus
816 625 936 700 syllabis
949 633 1121 690 constat179

79 717 109 767 ut
131 715 176 766 est
199 705 275 785 apud
296 705 414 781 Afrum,
441 704 560 768 Ακιίονο
579 724 680 785 nuper
696 708 830 786 infelicis
854 711 945 772 aulae
969 712 997 770 si
1019 729 1080 771 uon

76 792 236 869 praesidio
251 792 332 852 iuter
344 791 489 868 periculo
498 798 599 853 tomen
612 793 719 852 solutio
735 794 816 852 inter
834 794 978 856 aduersa.
1008 792 1078 853 Eius

78 875 142 935 lere
157 874 290 934 ridentur
310 876 432 953 optima,
455 876 483 933 in
507 875 610 954 quibus
631 876 708 934 initia
729 879 934 937 sententiarum
958 885 987 936 et
1007 877 1079 937 fines

31 1020 34 1025 ,
80 960 270 1034 consentiunt,
287 968 316 1017 ut
331 958 378 1018 hic
394 961 570 1038 praecidio,
585 960 711 1028 noiatim
736 976 829 1038 paene
849 970 880 1020 ut
900 961 1001 1021 similia
1024 963 1080 1020 sint

83 1043 176 1103 uerbis
192 1051 222 1102 ot
237 1042 354 1121 paribus
371 1044 473 1104 cadant
494 1053 523 1103 et
543 1043 646 1103 eodem
667 1044 753 1102 modo
768 1042 909 1104 desinant.
941 1044 1035 1104 Etiam
1051 1052 1122 1106 uteo

77 1127 145 1202 siut,
165 1127 243 1206 quod
259 1136 304 1186 est
322 1137 462 1205 quartum,
479 1127 615 1186 membris
630 1126 815 1205 aequalibus,
839 1128 917 1206 quod
937 1122 1081 1188 ἰσόκωλον

77 1212 191 1272 dicitur
230 1210 281 1285 Si,
304 1214 480 1290 quamtum
468 1233 500 1272 m
523 1230 600 1291 uqro
626 1213 760 1289 locisque
786 1213 916 1272 desertis
943 1214 1080 1273 uuduciu

74 1302 191 1395 potest,
214 1303 330 1357 tumtum
350 1297 382 1356 iu
403 1296 473 1394 foro
487 1304 578 1374 utque
597 1297 721 1356 iudiciis
741 1297 932 1396 impudentia
946 1299 1078 1358 ualeret.-

77 1373 221 1439 ἰσόκωλον
235 1388 280 1438 est
293 1389 321 1439 et
333 1371 530 1456 ὁμοιόπτωτον
539 1378 641 1447 hobet;
657 1398 717 1441 κοκ
730 1383 829 1440 mimus
843 1400 925 1441 muno
936 1382 968 1440 iu
980 1398 1078 1441 causa

77 1465 203 1525 cederet
224 1461 322 1524 Aulus
338 1462 474 1525 Caecina
494 1462 582 1524 Sexti
601 1461 722 1525 Aebutii
738 1466 964 1565 impudentiae,
986 1480 1077 1543 quum

75 1549 166 1608 tum
153 1567 184 1607 m
198 1566 229 1607 ον
224 1547 392 1626 socienda
407 1549 498 1609 cessit
513 1549 684 1609 audaciae:
700 1539 880 1625 ἰσόκωλον,
869 1542 1076 1626 ομοιόκτωτον,

76 1626 301 1708 όμοιονέίεντον.
339 1630 463 1692 Accedit
482 1641 512 1691 et
532 1650 569 1691 ex
590 1632 641 1692 illa
660 1633 751 1710 llgura
765 1634 875 1709 gratia,
891 1650 947 1711 qua
964 1634 1076 1692 nomina

77 1717 136 1775 dixi
152 1716 266 1774 mutatis
283 1714 398 1775 casibus
413 1713 610 1794 repetuntur
624 1718 723 1776 miuus
738 1719 863 1778 cederet
875 1719 1075 1795 quomcescit.

77 1798 181 1859 Adhuc
202 1791 417 1876 ὁμοιοτέίεντον
440 1809 469 1859 et
495 1800 699 1879 παρονομασία
725 1808 785 1859 est:
814 1797 969 1860 Neminem
989 1802 1080 1861 atteri

76 1883 317 1961 possederam
340 1884 577 1961 matrimonium,
598 1885 660 1946 uici
681 1901 778 1964 peuce
812 1901 900 1962 quem
920 1885 960 1944 uit
977 1885 1078 1962 putri

76 1969 215 2029 monium

164 2048 587 2150 Contraposrtumautem
601 2051 660 2127 vel
677 2060 707 2111 ut
723 2051 837 2129 quidam
852 2058 968 2127 vocant
992 2067 1077 2110 con·
1083 2061 1118 2116 81

76 2137 200 2195 tentio
227 2125 403 2213 (ἆνσίθετον
418 2135 542 2215 dicitur)
566 2153 623 2196 non
650 2152 706 2194 uno
728 2135 758 2194 lit
779 2135 875 2194 modo
912 2133 984 2194 Nam
1006 2143 1035 2194 et
1053 2137 1078 2195 si

77 2219 191 2297 singula
209 2220 330 2297 singulis
348 2228 541 2298 opponuntur,
560 2221 632 2280 utin
646 2237 682 2279 eo
698 2219 775 2298 quod
795 2220 881 2280 modo
899 2219 974 2294 dixi,
1000 2217 1079 2280 Vicit

75 2304 228 2382 pudorem
241 2304 347 2381 libido,
365 2307 502 2366 timorem
521 2305 678 2373 undecim·
704 2312 733 2363 et
750 2302 816 2363 bina
831 2304 921 2364 binis:
942 2302 1009 2365 Nou
1023 2323 1079 2365 κο-

77 2389 136 2449 stri
150 2389 274 2468 imperiii,
289 2390 384 2450 cectm‘
397 2391 506 2450 ausilii
520 2397 580 2464 est,
604 2397 633 2448 et
654 2389 814 2448 sententiae
829 2389 993 2448 sententiis:
1014 2386 1079 2449 Do-

78 2475 209 2533 minetur
222 2475 254 2533 iu
268 2475 465 2548 contionibus,
481 2475 584 2535 iaceat
598 2468 631 2533 im
645 2472 781 2534 iudiciis.
814 2470 866 2532 Cui
882 2472 1121 2535 commodississt

78 2576 124 2616 me
136 2556 317 2633 subiungitur
326 2566 356 2615 et
368 2575 402 2616 ea
413 2559 541 2635 species,
554 2575 638 2635 quarn
653 2556 930 2616 distinctionem
942 2554 1078 2615 diximus:

83 2640 155 2703 Odit
167 2643 301 2720 populus
315 2640 469 2702 Romanus
482 2642 637 2719 privatum
657 2640 829 2713 luxurium,
843 2639 1000 2716 publicum
1014 2656 1080 2699 mo-

76 2725 285 2804 ymificemtiom
311 2725 425 2804 altipu-
461 2734 505 2798 et,
533 2741 608 2802 quae
636 2732 700 2782 sunt
728 2721 812 2781 simili
834 2739 921 2797 casu,
951 2721 1080 2782 dissimili

79 2811 223 2869 sententia
248 2811 276 2868 in
295 2808 394 2869 ultimo
417 2809 529 2867 locata:
553 2816 584 2866 ut
607 2805 696 2880 Quod
716 2804 902 2885 intempore
922 2807 1080 2885 moiifuit,

79 2895 157 2955 nituit
177 2895 270 2968 obsit,
292 2896 380 2972 quio,
403 2893 487 2971 puori
506 2893 539 2951 iu
559 2909 657 2953 οσαοσ
677 2892 748 2953 boni
763 2891 838 2970 suit,
864 2893 971 2969 prosit.
1017 2889 1122 2954 Nessa

80 2995 199 3056 semper
214 2978 440 3055 contrapositum
456 2975 647 3052 subiungitur,
664 2977 737 3035 utin
754 2974 826 3034 hoe:
848 2973 904 3036 Est
916 2976 1021 3052 ipitur,
1033 2976 1081 3035 iu-

79 3063 177 3137 dices,
200 3081 260 3122 κοκ
282 3064 400 3140 scriptu
421 3063 479 3122 sed
496 3068 572 3122 muto
593 3062 663 3131 lecu·
683 3076 800 3131 verum,
823 3061 898 3120 sicut
919 3056 1024 3118 Cicero
1041 3059 1082 3118 di·

81 3147 131 3221 cit,
147 3146 183 3206 de
197 3146 318 3223 singulis
333 3145 420 3206 rebus
437 3146 597 3225 propositis
612 3144 738 3205 refertur
757 3143 792 3203 ad
807 3142 938 3222 singula,
957 3152 988 3202 ut
1002 3143 1030 3200 in
1046 3158 1084 3200 eo

81 3228 318 3308 quodsequltur:
342 3229 440 3303 Quum
460 3248 521 3291 κοκ
543 3229 717 3305 didicimus,
738 3231 925 3306 occepimus,
946 3228 1082 3305 lepimur,

81 3332 187 3376 aerum
210 3333 250 3374 eu
270 3323 384 3375 maturo
408 3317 480 3392 ipsu
501 3315 707 3392 arripuimus,
730 3314 903 3387 lucus-imus,
928 3311 1083 3388 cupressi-

79 3416 156 3459 muc.
186 3395 250 3457 Nec
267 3416 394 3476 semper,
411 3398 488 3476 quod
504 3397 656 3458 adversum
674 3406 730 3473 est,
750 3395 982 3473 contraponitur:
998 3393 1126 3472 qualest

81 3490 127 3542 est
143 3482 219 3560 apud
236 3481 382 3558 Rutilium,
401 3480 496 3544 Nobis
515 3483 625 3561 primis
646 3482 691 3544 dii
703 3481 889 3542 immortales
903 3479 1009 3558 (tunes
1030 3479 1085 3537 dc·
