2408 3854
303 199 392 248 ruso.
415 200 564 248 onnron.
587 202 657 249 nm.
678 202 737 268 vu,
760 201 786 254 ι.
802 201 829 256 o.
1028 193 1069 257 33

326 399 369 450 bu
388 400 578 452 lURlDlClALI
594 400 793 460 QUALlTATE.

141 509 178 568 V.
203 508 258 582 Qui
273 527 368 588 neque
380 509 490 569 iecisse
503 529 536 570 se
552 510 670 588 negabit
685 528 782 589 neque
798 510 875 571 aliud
888 530 972 589 essa,
989 515 1067 591 quod

55 595 179 670 iecerit,
198 593 276 654 dicet
290 611 386 672 neque
401 593 507 653 iactum
523 594 675 670 deiendet,
692 613 817 654 neeesse
832 604 877 654 est
893 598 921 654 in
936 613 990 656 suo
1004 599 1066 659 iure

58 679 214 746 consistam
243 679 271 737 in
295 694 352 756 quo
371 677 543 757 plerumque
568 680 734 739 actionis
763 689 808 738 est
836 683 978 757 quaestio.
1024 681 1096 754 Eas

57 779 117 824 non
131 779 267 840 semper,
284 771 315 821 ut
331 761 445 841 quidam
462 771 652 840 putaverunt,
668 763 802 823 iudicium
818 764 980 841 antecedit,
998 784 1066 844 qua·

58 848 96 909 lia
112 855 180 906 eunt
193 854 361 925 praetorum
378 847 494 905 curiosa
512 846 649 922 consilia,
668 866 732 907 cum
755 848 791 907 de
808 849 870 907 iure
887 852 1066 910 accusatoris

58 929 228 1008 ambigitur;
251 929 303 990 sed
319 931 347 989 in
361 931 432 1008 ipsis
450 930 685 1008 frequentissime
702 931 814 991 iudiciis
836 942 978 993 uersatur.
1014 932 1068 993 Est

58 1015 134 1076 enim
151 1013 260 1093 duplex
282 1015 345 1074 eius
368 1013 588 1092 disceptationis
606 1015 757 1091 condicio,
781 1016 858 1094 quod
879 1025 926 1077 aut
947 1019 1066 1078 intentio

58 1108 106 1161 aut
121 1099 316 1178 praescriptio
332 1097 420 1158 babet
437 1101 676 1159 controversiam.
711 1099 755 1158 Ac
770 1099 900 1175 inerunt,
922 1103 970 1179 qui
982 1119 1066 1180 prae·

16 1212 21 1222 ·
57 1183 226 1263 scriptionis
244 1191 347 1242 statum
362 1182 511 1258 lacerent,
531 1192 665 1261 tanquam
681 1201 716 1243 ea
734 1200 791 1242 non
805 1184 908 1243 iisdem
924 1185 1065 1260 omnibus,

58 1266 163 1348 quibus
185 1274 303 1333 ceterae
324 1267 426 1344 leges,
448 1266 666 1345 quaestionibus
683 1269 889 1327 contineretur.
936 1266 1006 1328 Cum
1031 1287 1096 1340 eug

57 1352 291 1431 praescriptione
308 1350 343 1410 lis
359 1350 483 1430 pendet,
499 1351 536 1411 de
552 1353 616 1430 ipsa
627 1370 660 1411 re
676 1353 777 1430 quaeri
793 1369 851 1411 non
869 1361 914 1411 est
930 1370 1065 1413 necesse.
1091 1387 1096 1395 -

58 1435 256 1514 ignominioso
272 1434 349 1495 lilius
371 1434 560 1513 praescribit:
589 1437 626 1496 de
648 1453 684 1496 eo
706 1437 772 1496 solo
793 1436 929 1496 iudicatio
947 1446 1008 1513 est,
1032 1456 1068 1497 an

58 1515 168 1582 liceat?
210 1518 352 1592 Quotiens
372 1528 467 1580 tamen
488 1520 665 1598 poterimus,
689 1520 871 1581 efficiendum
892 1529 953 1596 est,
982 1531 1012 1580 ut
1031 1525 1067 1584 de

56 1622 91 1664 re
108 1620 225 1683 quoque
242 1603 330 1663 iudex
345 1603 420 1664 bene
439 1605 559 1671 sentiat;
586 1606 629 1663 sic
651 1605 726 1664 enim
742 1607 794 1665 iuri
813 1614 912 1665 nostro
931 1604 1067 1665 libentius

58 1687 238 1765 indulgebit:
269 1689 351 1747 utin
376 1687 598 1766 sponsionibus,
628 1707 703 1767 quae
733 1708 769 1749 ex
799 1688 959 1749 interdictis
985 1690 1065 1765 liunt,

57 1773 172 1833 etiamsi
187 1788 245 1831 uon
259 1773 446 1851 proprietatis
463 1781 507 1831 est
522 1773 654 1851 quaestio
666 1773 719 1832 sed
734 1782 840 1833 tantum
851 1775 1065 1851 possessionis:

58 1867 234 1918 tamennon
254 1855 538 1935 solumpossedisse
561 1874 614 1916 nos
638 1856 691 1915 sed
714 1859 799 1917 etiarn
814 1866 942 1916 nostrum
964 1874 1067 1935 posse·

59 1941 157 2016 disse,
175 1940 284 2001 docere
301 1940 457 2019 oportebit.
499 1940 559 2000 Sed
573 1940 752 2019 frequentius
769 1942 854 2001 etiam
869 1943 1016 2019 quaeritur
1031 1941 1067 2000 de
1080 1957 1097 2010 4

57 2026 228 2086 intentione.
277 2023 332 2086 Vir
340 2025 536 2104 sortisoptet,
552 2025 635 2103 quod
645 2025 733 2085 nolet.
778 2023 863 2103 Nego
877 2024 919 2084 illi
935 2024 1066 2100 dandum,

58 2109 197 2189 quidquid
217 2111 378 2188 optaverit:
402 2127 460 2169 non
483 2108 578 2169 babeo
600 2110 878 2187 praescriptionem,
902 2108 955 2169 sed
973 2118 1068 2170 tamon

59 2193 209 2254 voluntate
225 2203 326 2258 contra
340 2194 431 2254 verba
442 2194 680 2273 praescriptionis
693 2193 779 2255 modo
791 2203 865 2254 utor.
899 2193 931 2253 ln
943 2202 1068 2272 utroque

59 2287 157 2338 antem
171 2296 282 2356 genere
298 2286 389 2338 status
408 2278 493 2338 iidem
508 2287 583 2336 sunt.

145 2361 237 2422 Porro
262 2362 312 2422 lex
337 2364 428 2422 omnis
453 2371 500 2422 aut
532 2361 629 2422 tribuit
657 2371 705 2422 aut
723 2363 819 2424 adimit
841 2372 890 2423 aut
915 2364 995 2442 punit
1019 2371 1094 2425 auto

59 2445 141 2507 iubet
163 2456 211 2507 aut
230 2455 311 2507 vetat
336 2456 384 2507 aut
405 2447 552 2524 permittit.
589 2444 680 2506 bitem
701 2446 788 2506 babet
814 2456 862 2507 aut
888 2456 1010 2526 propter
1034 2465 1066 2506 se

59 2531 154 2609 ipsam
177 2539 225 2593 aut
246 2539 368 2610 propter
390 2531 526 2605 alteram,
550 2532 750 2608 quaestionem
772 2533 865 2590 autin
887 2532 997 2608 scripto
1020 2539 1068 2590 aut

60 2615 90 2674 in
111 2614 271 2674 voluntate.
323 2616 467 2694 Scriptum
490 2624 538 2674 aut
558 2622 689 2692 apertum
710 2623 754 2673 est
775 2624 822 2674 aut
844 2613 1000 2676 obscurum
1021 2624 1068 2673 aut

61 2697 235 2776 ambiguum.
281 2698 366 2772 Quod
388 2700 424 2760 de
442 2697 556 2776 legibus
573 2698 656 2773 dieo,
680 2698 754 2759 idem
775 2699 870 2777 accipi
887 2697 956 2758 volo
973 2698 1009 2759 de
1026 2707 1095 2762 tet

61 2783 228 2859 stamentis,
245 2785 355 2861 pactis,
371 2781 605 2862 stipulationibus
618 2783 693 2842 omni
709 2783 834 2861 denique
849 2784 977 2861 scripto;
993 2782 1070 2843 idem

61 2865 98 2926 de
114 2884 200 2928 voce.
244 2865 282 2927 Et
305 2869 438 2946 quoniam
453 2875 589 2945 quattuor
603 2867 665 2925 eius
682 2868 800 2944 generis
816 2868 1003 2945 quaestiones
1020 2871 1070 2927 vel

61 2958 155 3012 status
169 2950 306 3012 iacimus:
325 2950 455 3029 singulos
472 2968 684 3029 percurramus.

355 3104 514 3155 SCRIPTUM
532 3105 574 3153 ΕΤ
590 3102 775 3156 VOLUNTAS.

149 3204 199 3264 Vl.
221 3206 361 3284 Scripti
378 3213 411 3264 et
427 3204 636 3265 voluntatis
652 3205 886 3283 frequentissima
909 3204 985 3262 inter
1001 3219 1069 3262 con·

63 3290 158 3351 sultos
185 3291 317 3368 quaestio
342 3297 403 3364 est,
437 3298 466 3349 et
491 3308 558 3368 pars
582 3307 685 3366 magna
707 3289 889 3348 controversi
913 3289 982 3345 iuris
1003 3284 1075 3345 bino

63 3373 188 3455 pendet;
202 3376 360 3453 quominus
376 3372 405 3433 id
420 3374 449 3433 in
459 3373 569 3434 sobolis
582 3372 717 3434 accidere
729 3373 829 3432 mirum
846 3379 907 3447 est,
922 3369 970 3430 ubi
985 3370 1071 3430 etiam

65 3458 256 3519 exindustria
278 3458 402 3536 lingitur.
445 3456 515 3518 Eius
540 3476 633 3536 genus
656 3475 742 3519 unum
764 3465 825 3533 est,
852 3456 959 3533 inquo
985 3455 1070 3514 etde

108 3548 349 3613 u.r.ou1un1n.ll.
902 3537 927 3599 ‘d
971 3562 993 3593 ·.
