2408 3854
141 194 202 256 272
466 203 826 262 numentanam

142 372 257 423 torrens
274 360 400 421 iudicem
414 358 463 419 uel
480 359 620 419 nitentem
634 365 736 417 contra
751 356 828 416 feret
844 367 992 438 cogetque
1008 360 1067 436 ire,
1091 379 1150 440 qua

141 448 245 524 rapiet.
282 443 336 505 llic
365 453 464 504 orator
488 450 517 502 et
538 441 693 503 defunctos
715 439 854 501 excitabit
873 451 904 502 ut
930 441 1055 520 Appium
1073 442 1149 506 (lae-

142 548 221 605 cum,
245 528 320 607 opud
334 529 410 605 bunc
427 535 457 587 et
472 527 564 605 patria
578 527 643 604 ipsa
657 523 850 601 exclamabit,
867 525 1083 605 aliquandoque
1099 525 1148 588 Gi·

143 630 280 674 ceronem
303 614 331 671 in
355 612 486 671 oratione
508 618 610 670 contra
626 606 777 669 Catilinam
798 610 827 667 in
848 618 950 670 senatu
966 610 1148 689 alloquetur.

98 698 193 764 aellio
218 706 248 756 et
270 692 539 774 amplificationibus
565 692 689 753 extollet
713 692 890 769 orationem,
918 702 948 753 et
971 695 999 752 iu
1015 695 1149 772 superla-

140 783 248 841 tionem
268 795 385 858 quoque
405 779 545 856 erigetur.
585 774 672 851 Quae
691 774 865 856 Charybdis
883 785 947 838 tum
968 781 1091 840 eoram?
1119 789 1150 840 et

143 864 287 926 Oceanus
306 864 426 924 medius
445 861 540 941 fidius
559 864 635 941 ipse.
667 859 743 921 Nota
761 869 828 921 sunt
849 862 924 922 enim
940 863 994 922 iarn
1008 862 1148 924 studiosis

139 948 214 1009 baec
241 947 355 1008 lumina.
393 944 447 1007 llio
474 947 547 1007 deos
571 949 652 1024 ipsos
678 947 707 1005 iu
731 962 921 1023 congressum
945 963 1040 1025 prope
1064 965 1148 1007 suum

140 1047 363 1111 sermonemque
378 1030 520 1092 deducet:
542 1029 601 1092 Vos
615 1031 696 1092 cuim
709 1026 823 1091 Albaus'
837 1031 944 1092 tumult
959 1039 1051 1110 utque
1064 1033 1149 1100 lucir

139 1134 210 1192 sos,
228 1117 370 1194 inquam,
393 1112 582 1178 Albanorum
599 1114 728 1176 obrutae
744 1131 839 1191 aras,
862 1133 1026 1177 sacrorum
1039 1117 1148 1194 populi

140 1201 272 1262 Romam
293 1203 398 1264 socias
417 1209 447 1260 et
466 1200 622 1278 aequales.
655 1196 709 1257 llic
733 1197 821 1273 iram,
845 1197 894 1259 bic
916 1198 1148 1260 misericordiam

139 1283 307 1362 inspirabit,
325 1285 373 1345 bic
390 1283 482 1343 dicet:
507 1282 549 1345 Te
562 1283 640 1344 ctdtt
656 1289 685 1342 et
699 1282 867 1360 appellavit
881 1294 910 1344 et
923 1279 1026 1360 sterit,⁸
1046 1292 1076 1343 et
1092 1301 1149 1361 per

141 1385 242 1428 omnes
257 1368 380 1428 adactus
395 1375 535 1428 tractatus
550 1367 607 1426 buo
623 1375 710 1445 atque
728 1365 798 1427 illuc
819 1375 959 1445 sequetur
971 1384 1026 1428 nec
1042 1367 1148 1428 doceri

98 1450 328 1520 ondesiderabit.
360 1449 457 1523 Quare
480 1452 504 1510 si
527 1469 565 1509 ex
581 1448 672 1509 tribus
687 1448 731 1509 bis
747 1449 906 1526 generibus
922 1452 1093 1511 necessario
1109 1453 1149 1510 sit

141 1534 305 1611 eligendam
320 1553 420 1594 unum:
440 1536 503 1612 quis
519 1533 630 1594 dubitet
645 1533 702 1593 boc
715 1533 869 1612 praeferre
885 1533 1016 1595 omnibns
1029 1544 1059 1594 et
1073 1534 1147 1595 uali-

140 1617 287 1677 dissimum
311 1618 419 1697 alioqui
437 1628 467 1678 et
486 1619 615 1678 maximis
641 1615 803 1696 quibusque
825 1619 920 1678 causis
943 1618 1146 1680 accommoda·

98 1715 134 1769 64
141 1698 301 1761 tissimum?
329 1699 403 1763 Nam
418 1711 447 1763 et
461 1701 604 1762 Homerus
622 1701 742 1761 brevem
757 1702 873 1780 quidem
888 1720 952 1762 curn
968 1702 1146 1763 iucunditate

141 1795 170 1846 et
186 1787 348 1863 propriam,
367 1785 402 1846 'id
418 1789 493 1846 eninr
508 1795 553 1846 est
567 1792 628 1846 aab
643 1786 794 1847 deerrare
808 1787 927 1862 verbis,
951 1796 980 1847 et
997 1795 1147 1846 carentem

140 1871 331 1947 superuacuis
363 1870 559 1949 eloquentiam
582 1869 717 1930 llenelao
744 1868 838 1945 dedit,
866 1887 941 1949 quae
966 1879 1031 1931 sunt
1055 1871 1146 1930 uirtu-

140 1962 185 2012 tes
199 1956 317 2029 generis
333 1953 410 2014 illius
426 1955 523 2032 primi:
551 1963 581 2014 et
603 1972 640 2014 ex
662 1970 714 2013 ore
728 1951 863 2013 Nestoris
886 1953 958 2014 dixit
977 1955 1148 2016 duaorrm

139 2037 226 2098 melle
239 2034 395 2115 profluere
410 2057 589 2114 sermonem,
606 2055 662 2116 qua
679 2045 761 2098 certe
778 2037 977 2098 delectatione
991 2038 1062 2099 nibil
1077 2038 1148 2115 fingi

140 2121 230 2180 maius
246 2130 360 2199 potest:
378 2121 431 2181 sed
449 2139 586 2182 summam
598 2139 756 2199 aggressus
772 2123 801 2181 in
811 2120 898 2182 Ulixe
912 2122 1075 2183 lacuudiam
1087 2140 1147 2182 nna·

139 2205 317 2282 gnitndinem
332 2205 374 2265 illi
389 2207 493 2274 inuxit;
517 2207 563 2266 cui
587 2207 746 2266 orationem
765 2206 886 2267 nimbus
899 2207 1036 2269 biberetis
1050 2215 1080 2266 et
1096 2222 1146 2266 co-

97 2290 187 2367 aspia
204 2287 360 2348 verborum
375 2298 404 2348 et
419 2290 526 2367 impetu
542 2307 642 2367 parem
657 2289 763 2349 tribuit.
794 2287 870 2350 Oura
884 2290 1045 2370 bocigbur
1058 2309 1148 2352 acmo

139 2372 314 2434 mortalium
330 2374 489 2434 contendet
494 2396 508 2444 ;
533 2373 614 2435 bunc
632 2382 666 2435 ut
687 2375 779 2434 deum
791 2374 926 2436 bomiscos
939 2375 1147 2437 intuebuntur.

140 2454 220 2514 Hanc
243 2457 301 2516 uim
326 2465 356 2515 et
381 2455 562 2517 celeritatem
582 2459 611 2517 in
632 2456 746 2518 Pericle
766 2458 885 2518 miratur
905 2456 1045 2537 Eupolis,
1072 2459 1148 2520 banc

140 2538 305 2600 fulminibus
327 2539 540 2619 Aristophanes
567 2549 733 2620 comparat,
760 2540 834 2602 baec
859 2551 905 2602 est
930 2560 1002 2603 vere
1030 2543 1147 2604 dicendi

140 2623 275 2685 facultas.
491 2669 493 2673 -

98 2723 132 2778 66
224 2708 284 2768 Sed
310 2725 406 2787 neque
431 2708 476 2768 bis
499 2708 590 2769 tribus
612 2711 695 2787 quasi
716 2710 816 2769 formis
843 2708 955 2770 inclusa
977 2709 1147 2787 eloquentia

142 2798 196 2849 est.
231 2789 304 2852 Nam
319 2801 350 2852 ut
367 2793 442 2852 inter
457 2792 568 2870 gracile
584 2792 769 2872 validumque
783 2795 898 2854 tertium
913 2793 1022 2872 aliquid
1038 2795 1147 2854 eonsti-

140 2880 231 2932 tutum
247 2884 307 2935 est:
331 2877 371 2936 ita
393 2877 495 2937 borum
516 2876 670 2937 intervalla
687 2886 768 2953 sunt,
793 2885 880 2955 atque
902 2879 977 2939 inter
991 2877 1066 2938 baec
1082 2879 1148 2956 ipsa

98 2956 258 3028 firmixtum
273 2958 407 3036 quiddam
423 2978 461 3019 ex
476 2960 589 3021 duobus
606 2961 729 3021 medium
745 2970 791 3021 est
805 2978 927 3021 aarum*
945 2959 1018 3022 Nam
1033 2970 1063 3021 et
1079 2961 1147 3021 sub·

142 3039 184 3099 tili
213 3041 327 3118 plenius
355 3042 463 3121 aliquid
488 3053 575 3124 atque
600 3045 733 3106 subtilius
759 3054 788 3106 et
810 3044 975 3106 uebemeuti
995 3046 1147 3105 remissius

141 3133 229 3202 atque
251 3124 451 3186 vehementius
475 3129 633 3205 inuenitur,
657 3128 780 3190 utillud
802 3129 868 3190 lene
890 3139 938 3189 aut
961 3129 1094 3190 ascendit
1111 3128 1149 3189 ad

140 3207 262 3270 fortiora
284 3218 332 3270 aut
353 3209 388 3270 ad
408 3213 540 3274 tenuiora
557 3213 748 3273 summittitur.
782 3213 828 3273 Ac
849 3215 893 3274 sic
909 3230 1003 3292 prope
1018 3215 1147 3274 innume·

140 3291 249 3353 nabiles
275 3295 392 3372 species
418 3296 618 3373 reperiuntur,
647 3314 722 3375 quae
749 3298 849 3376 utique
875 3297 974 3376 aliquo
1000 3306 1148 3358 momento

141 3377 266 3437 interae
289 3378 436 3440 diderant:
459 3381 534 3438 siout
557 3388 693 3458 mattuor
713 3391 818 3442 ventos
839 3380 1019 3458 generaliter
1041 3399 1058 3441 a
1080 3383 1148 3441 toti·

141 3459 207 3520 dem
227 3463 322 3523 mundi
345 3460 509 3524 cardinibus
529 3465 696 3542 accepimus
712 3465 799 3540 dare,
822 3484 887 3525 cnm
902 3465 1016 3525 interim
1031 3464 1148 3543 plurimi
