2408 3854
142 185 203 247 222
458 195 822 256 momenmentum

142 353 204 432 pari
221 352 404 412 deformitate
422 345 452 411 et
468 350 645 410 contrahitur
659 359 688 409 et
704 349 845 424 tenditur,
870 350 924 410 sed
941 358 1025 410 tenso
1041 350 1143 411 subest

117 445 120 449 ⁴
141 446 171 496 et
186 435 284 510 labor,
301 444 490 512 tenuaturque
505 450 564 493 vox
579 451 614 493 ac
631 434 780 510 fatigetur:
803 433 919 493 affixum
933 436 1046 512 pectori
1062 452 1141 494 men·

98 529 197 583 sstnm
212 520 303 578 minus
320 517 427 578 claram
445 526 474 576 et
489 518 569 595 quasi
586 516 719 577 latiorem
730 533 836 594 presso
851 526 967 594 gutture
978 517 1057 577 iacit.
1083 518 1138 578 llu-

59 675 60 680 γ
140 620 284 662 merorum
295 617 362 661 raro
376 601 485 660 decens
498 600 633 660 allevatio
645 610 733 679 atque
746 601 905 660 contractio
919 609 976 666 est:
994 599 1143 661 breviatur

141 689 216 747 enim
232 686 333 746 cervix
354 693 383 743 et
399 693 514 761 gestum
532 686 674 763 quendam
690 683 825 743 humilem
847 692 935 762 atque
953 684 1091 744 servilem
1112 695 1142 745 et

141 761 223 850 quasi
240 768 450 829 iraudulentum
466 768 551 842 iacit,
569 785 632 827 cum
647 787 681 827 se
697 768 725 827 iu
739 767 865 827 habitum
881 766 1068 843 adulationis,
1091 768 1140 828 ad·

98 853 312 929 dimnaticum,
334 860 427 912 metus
449 851 565 928 lingunt.
597 851 711 912 Brachii
733 852 883 912 moderata
904 852 1067 930 proiectio,
1093 869 1140 910 re·

139 938 235 997 missis
256 935 383 996 humeris
403 944 499 1014 atque
519 935 732 1012 explicantibus
755 953 787 995 se
811 937 839 994 in
860 936 1037 1013 proferenda
1057 952 1142 995 mann

140 1021 255 1098 digitis,
280 1019 432 1079 continuos
456 1027 485 1079 et
507 1019 696 1080 decurrentes
720 1019 804 1078 locos
825 1021 948 1079 maxime
971 1020 1067 1079 decet.
1103 1016 1141 1078 At

140 1122 202 1164 cum
219 1103 383 1180 speciosius
400 1103 468 1181 quid
483 1101 660 1181 uberiusque
676 1102 828 1163 dicendum
844 1113 904 1179 est,
920 1112 950 1162 ut
964 1102 1036 1162 illud
1051 1099 1142 1163 Sana

138 1196 230 1266 ctqtre
249 1187 429 1248 solitudines
448 1187 517 1247 coci
540 1186 743 1265 respondent.-
773 1188 937 1264 expatiatur
962 1188 991 1246 in
1014 1185 1088 1245 latus
1110 1193 1140 1245 et

95 1282 129 1334 85
138 1272 201 1348 ipsa
218 1269 428 1349 quodammodo
445 1288 477 1328 se
496 1286 559 1329 cum
575 1279 661 1346 gestu
676 1269 767 1330 iundit
782 1271 886 1330 oratio.
912 1269 1037 1330 Manus
1054 1286 1139 1343 nero,

139 1355 201 1413 sine
226 1353 330 1432 quibus
353 1362 453 1412 trunca
476 1361 556 1412 esset
576 1354 652 1412 actio
676 1370 711 1413 ec
733 1352 854 1429 debilis,
878 1355 927 1412 rix
951 1354 1008 1414 dici
1029 1361 1140 1431 potest,

138 1447 209 1516 quot
232 1445 326 1496 motus
349 1435 494 1511 habeant,
523 1453 586 1496 cum
610 1454 704 1514 paene
726 1437 819 1515 ipsam
841 1437 998 1497 verborum
1025 1437 1140 1514 copiam

137 1528 360 1600 persequantur.
387 1518 458 1579 Nam
475 1529 593 1580 ceterae
609 1529 707 1598 partes
723 1520 890 1598 loquentem
905 1522 1053 1596 adiuvant,
1070 1520 1139 1594 hae,

94 1614 129 1667 86
138 1620 233 1682 prope
252 1612 297 1662 est
319 1612 349 1661 ut
364 1602 472 1678 dicam,
497 1604 579 1682 ipsae
602 1603 765 1683 loquuntur.
795 1604 845 1664 llis
862 1607 1026 1682 poscimus,
1051 1603 1139 1682 polli-

140 1706 255 1761 cemur,
276 1703 434 1762 vocamus,
459 1688 639 1763 dimittimus,
660 1690 815 1763 minamur,
844 1688 1056 1767 supplicamns,
1087 1686 1138 1745 ab·

138 1773 311 1844 ominamur,
327 1771 474 1846 timemus,
495 1772 721 1849 interrogemus,
737 1789 891 1849 negamus3
915 1771 1067 1850 gaudium,
1089 1770 1138 1828 tri·

138 1856 257 1929 stitiam,
279 1852 502 1930 dubitationem,
522 1856 753 1931 confessionem,
770 1856 994 1934 poenitentiam,
1011 1854 1137 1927 modum,

94 1945 127 1999 87
137 1940 269 2015 copiam,
289 1955 452 2013 numerum,
474 1947 588 2017 tempus
606 1939 792 2000 ostendimus.
822 1937 887 1998 Non
904 1935 1072 1999 concitant?
1089 1938 1138 1996 ¹in·

136 2016 257 2081 libenti
284 2017 428 2098 probanti
450 2020 643 2083 admirantur?
663 2020 914 2083 verecundantur?
949 2020 1015 2081 Non
1036 2023 1066 2080 in
1087 2022 1138 2081 de-

123 2104 326 2165 monstrandis
339 2103 414 2164 locis
426 2123 461 2164 ac
473 2108 608 2184 personis
625 2106 827 2166 adverbiorum
840 2116 926 2186 atque
938 2106 1138 2184 pronominum

136 2188 267 2248 obtinent
285 2184 401 2247 vicem?
429 2188 467 2249 Ut
488 2191 518 2247 in
540 2198 617 2249 tanta
633 2207 687 2267 per
704 2208 803 2250 omnes
823 2200 928 2267 gentes
945 2191 1137 2268 nationesque

135 2272 251 2347 linguae
264 2272 432 2331 diversitate
443 2271 490 2331 bio
501 2271 567 2332 mibi
580 2275 702 2332 omnium
714 2273 1027 2333 bominum‘oommnnis
1039 2288 1137 2332 sermo

133 2353 274 2414 videatur.

92 2444 129 2499 88
218 2420 298 2497 Είὴί
316 2437 447 2516 quidem,
470 2439 508 2500 dc
526 2437 629 2517 quibus
645 2458 707 2499 sum
723 2440 854 2515 locutus,
880 2458 944 2500 cunr
965 2440 1036 2517 ipsis
1055 2439 1136 2498 voci·

134 2521 188 2581 bus
204 2521 374 2581 naturaliter
393 2530 500 2582 exeunt
514 2531 631 2599 gestus:
659 2523 707 2584 alii
723 2533 803 2598 sunt,
833 2525 880 2602 qui
905 2543 954 2583 res
978 2524 1136 2583 imitatione

134 2605 313 2682 significant,
329 2615 359 2665 ut
374 2607 398 2664 si
413 2625 533 2684 aegrum
547 2609 711 2686 temptantis
726 2624 817 2667 venas
832 2607 937 2668 medici
952 2606 1135 2666 similitudine

134 2699 181 2748 aut
202 2689 400 2749 citharoedum
416 2691 545 2750 formatis
560 2692 596 2751 ad
612 2691 726 2752 modum
748 2692 937 2769 percutientis
953 2707 1060 2751 nervos
1075 2707 1135 2751 ma·

133 2771 216 2830 nibus
239 2772 392 2841 ostendam
418 2776 495 2852 qnod
511 2782 557 2834 est
570 2793 664 2851 genus
681 2793 764 2853 quam
784 2774 952 2853 longissime
969 2776 997 2833 in
1017 2775 1135 2834 actione

89 2856 124 2910 89
133 2855 307 2930 fugiendum.
339 2855 455 2917 Abesse
472 2859 546 2918 enim
560 2859 710 2936 plurimum
725 2877 741 2918 a
758 2860 897 2919 saltatore
913 2858 1002 2918 debet
1023 2867 1134 2933 orator,

132 2945 163 2996 ut
178 2938 214 2995 sit
229 2948 330 3014 gestus
346 2939 512 3000 adsensum
526 2944 618 3019 magis
630 2960 714 3020 quam
730 2942 765 3003 ad
776 2942 866 3003 verba
882 2941 1133 3004 accommodatus:

37 3019 40 3023 “
132 3020 209 3098 quod
233 3023 317 3080 etiam
340 3021 628 3102 histrionibnspnulo
645 3026 827 3103 gravioribus
848 3027 948 3086 iacere
965 3027 1053 3085 moris
1070 3024 1133 3085 luit.

131 3102 211 3181 Ergo
229 3113 260 3163 ut
276 3105 313 3165 ad
328 3123 362 3165 se
379 3124 491 3178 manum
506 3108 635 3182 referre,
658 3126 721 3168 cnm
739 3110 775 3169 de
798 3129 831 3170 se
849 3112 913 3189 ipso
930 3109 1079 3187 loquatur,
1105 3116 1135 3168 et

131 3189 159 3247 iu
181 3206 264 3263 eum,
291 3206 378 3267 quem
401 3190 596 3266 demonstret,
625 3190 775 3252 intendere
796 3203 825 3252 et
845 3194 942 3272 aliqua
963 3194 1007 3253 his
1029 3191 1134 3252 similia

132 3273 329 3350 permiserim·
355 3275 394 3333 ita
415 3291 472 3334 non
492 3274 634 3352 effingere
653 3284 744 3335 status
761 3277 900 3355 quosdam
923 3287 968 3353 et,
993 3274 1134 3356 quidquid

88 3356 224 3432 sedicet,
246 3356 414 3418 ostendere.
445 3356 548 3437 Neque
572 3359 600 3420 id
621 3361 649 3418 in
670 3360 799 3420 manibus
821 3361 915 3421 solum
938 3360 991 3421 sed
1008 3362 1036 3420 in
1055 3361 1132 3419 omni

100 3451 103 3457 ·
129 3447 216 3512 gestu
231 3457 266 3500 ac
281 3456 357 3501 voce
376 3444 547 3503 serrandum
563 3452 616 3504 est.
648 3444 713 3504 Non
731 3445 805 3504 euim
821 3447 912 3504 autin
929 3445 979 3505 illa
994 3441 1132 3524 periodo,
