2408 3854
371 186 805 252 rusmonaronursxna.
1018 175 1080 238 217

77 340 155 402 dicii
166 357 246 402 conc
261 339 363 419 form
377 346 471 401 terret
484 340 596 405 oculos.
626 339 680 400 llla
695 353 767 400 vcro
783 342 838 402 iam
853 359 946 421 paene
962 345 1083 424 apertis,

77 432 108 484 ut
122 425 210 503 aiunt,
226 423 320 483 tibiis:
338 420 412 500 oct,
435 438 615 502 quocunque
628 424 820 502 inciderunt,
836 427 1084 489 conoududioem

69 508 138 587 ‘forr'
161 515 190 568 et
210 507 376 586 pristinum
397 525 510 568 murm
529 508 716 569 iudiciorum
736 511 906 588 requirunt.
945 507 1017 571 liam
1036 528 1083 571 se·

76 607 168 669 quens
183 589 270 650 iatum
287 582 373 650 etiam
391 599 478 668 atquo
495 589 589 650 lusum
605 599 666 650 est:
687 589 755 653 Non
777 594 857 654 enim
878 611 994 655 corum
1014 614 1083 657 con·

75 692 179 735 scaras
197 682 299 736 uester
318 676 437 734 cinctus
455 681 516 749 cat,
537 682 572 734 ut
590 675 716 736 solebat.
745 675 830 749 Quod
851 680 963 755 notari,
986 687 1016 737 ut
1033 681 1122 757 apti

75 765 209 834 pareret,
232 774 291 817 non
305 755 400 816 solum
416 757 444 815 iu
458 754 593 817 membris
610 774 715 816 causae
734 759 787 819 sed
805 761 890 821 etiarn
906 762 934 820 in
951 762 1081 821 articulis

76 858 144 899 esse
162 839 287 918 aliquam
308 839 509 918 pronuntiandi
530 841 714 916 variemem,
739 845 801 902 siue
822 863 877 923 qua
897 844 967 907 uilril
984 862 1083 923 neque

75 925 165 983 maius
180 941 276 1001 usque
291 924 382 982 miuus
398 931 452 982 est.

159 1006 226 1066 Vox
242 1014 338 1066 autom
353 1006 428 1066 ultra
442 1008 520 1066 vires
536 1007 664 1084 urgenda
679 1024 736 1066 nou
752 1017 806 1067 est.
832 1007 904 1069 Nam
919 1019 948 1069 et
959 1010 1083 1071 sulioca·

75 1099 121 1149 tur
132 1108 229 1169 saepe
251 1099 280 1150 et
294 1091 404 1149 maiore
419 1091 483 1148 nisu
501 1092 593 1150 miuus
614 1090 694 1151 clara
715 1099 761 1150 est
778 1099 808 1150 et
829 1092 943 1151 interim
961 1092 1032 1152 elisa
1055 1096 1083 1152 in

74 1172 154 1233 illurn
171 1191 272 1233 sonum
288 1175 428 1250 erumpit,
445 1175 492 1233 cul
504 1171 607 1234 Graeci
622 1191 727 1234 nomon
743 1192 759 1234 a
775 1172 920 1250 gallorum
935 1177 1084 1235 immaturo

77 1265 162 1316 cautu
184 1257 335 1318 dederunt.
371 1255 436 1317 Noc
455 1256 638 1318 volubilitate
661 1259 746 1318 nimia
764 1257 983 1334 contundenda,
1009 1266 1125 1336 quam

76 1339 210 1408 dicimus;
232 1358 289 1419 qua
312 1350 341 1401 et
363 1340 508 1401 distinctio
530 1343 607 1420 parit
627 1341 809 1417 etelectus,
834 1350 863 1401 et
884 1358 1084 1420 nonuunquam

77 1424 161 1482 etiarn
176 1423 267 1483 verba
288 1424 385 1502 aliqua
402 1426 447 1484 sui
462 1433 545 1504 parte
563 1424 738 1485 fraudantur.
769 1421 822 1484 cut
844 1426 1018 1485 contrarium
1039 1434 1085 1484 est

74 1508 173 1565 vitiurm
188 1508 290 1567 nimiae
306 1507 467 1576 tarditatis;=
487 1526 551 1568 uam
568 1517 597 1567 et
612 1508 811 1569 difficultatem
833 1508 996 1568 inveniendi
1011 1508 1083 1567 iate·

75 1599 122 1649 tur
137 1599 167 1650 et
181 1592 306 1668 segnitia
322 1590 411 1650 solvit
426 1592 535 1651 animos
551 1601 596 1666 et,
618 1594 647 1651 iu
664 1609 722 1670 quo
739 1601 784 1651 est
800 1591 925 1670 aliquid,
945 1593 1083 1669 tempori·

75 1674 130 1733 bus
142 1674 299 1752 praefinitis
316 1691 418 1752 aquam
429 1672 532 1751 perdit.
559 1673 722 1751 Promptum
734 1675 771 1733 sit
787 1691 832 1750 os,
850 1692 908 1734 uon
923 1692 1081 1753 praeceps3

76 1757 265 1832 moderatum,
281 1773 340 1816 uon
352 1756 468 1816 lentum.
494 1757 618 1834 Spiritus
631 1774 747 1835 quoque
759 1775 814 1816 nec
826 1757 930 1817 crebro
946 1765 1127 1835 receptustt

78 1841 211 1900 concidat
232 1841 419 1915 sententiam,
444 1857 500 1916 uec
516 1855 553 1898 eo
571 1857 664 1918 usque
678 1839 823 1916 trahatur,
847 1841 941 1900 donec
956 1840 1072 1900 deficiat

77 1922 150 1983 Nam
167 1931 196 1982 ct
214 1922 352 1982 deformis
375 1931 420 1982 est
438 1925 599 2002 consumpti
616 1922 692 1983 illius
708 1939 797 1981 sonus
815 1930 844 1982 et
859 1925 1014 2001 respiratio
1030 1941 1063 1982 su

77 2024 151 2085 aqua
166 2005 214 2066 diu
229 2007 324 2085 pressi
340 2005 440 2065 similis
454 2015 484 2065 et
497 2015 634 2084 receptus
646 2006 764 2082 longior
778 2016 808 2066 et
818 2023 875 2066 non
892 2016 1082 2085 opportunus,

77 2099 107 2148 ut
128 2089 177 2168 qui
198 2089 263 2165 liat,
285 2106 343 2149 nou
365 2088 413 2148 ubi
435 2089 584 2165 volumus,
608 2089 660 2151 sed
680 2090 728 2150 ubi
753 2107 878 2150 necesse
899 2099 954 2150 est.
986 2089 1083 2163 Quare

76 2172 240 2250 longiorem
255 2173 373 2233 dicturis
391 2173 542 2251 periodum
557 2173 740 2251 colligendus
763 2182 808 2235 est
822 2174 956 2253 spiritns,
981 2175 1020 2233 ita
1041 2181 1083 2232 ta·
1146 2207 1148 2211 ν

77 2274 152 2331 men,
168 2265 199 2316 ut
210 2257 345 2336 irlneque
357 2257 404 2318 diu
416 2275 512 2336 neque
528 2274 592 2318 oum
607 2275 680 2318 sono
690 2259 843 2335 laniamus,
860 2275 956 2337 neque
969 2258 1082 2317 omuino

77 2349 108 2399 ut
128 2341 309 2400 manifestum
331 2343 383 2409 sit;
410 2341 532 2419 reliquis
553 2342 682 2419 partibus
709 2345 816 2421 optime
841 2343 917 2403 inter
937 2343 1082 2401 iuncturas

78 2426 219 2483 sermonis
241 2423 437 2484 revocabitur.
470 2423 660 2485 Exercendus
683 2435 778 2485 autom
801 2434 862 2501 ost,
890 2435 921 2486 ut
942 2426 979 2484 sit
999 2423 1126 2502 quambl

77 2507 277 2583 longissimus;
301 2508 378 2584 quod
394 2506 607 2568 Demosthenes
621 2517 653 2567 ut
666 2508 816 2584 efiiceret,
834 2510 976 2569 scandens
991 2509 1020 2565 iu
1034 2504 1082 2565 ad·
1182 2546 1185 2553 »

76 2606 192 2648 versum
208 2589 393 2649 continuabat
403 2606 490 2667 quam
502 2599 604 2669 posset
618 2591 758 2668 plurimos
775 2608 888 2650 versus.
919 2589 1008 2663 ldem,
1025 2604 1083 2667 quo

77 2672 191 2732 facilius
206 2671 297 2731 rerba
314 2689 366 2733 ore
383 2671 477 2732 libero
497 2675 682 2751 exprimeret,
700 2673 829 2733 calculos
846 2673 944 2750 lingua
960 2671 1083 2732 volvens

78 2756 176 2816 (licere
189 2755 265 2815 domi
281 2754 406 2815 solebat.
434 2754 488 2816 Est
503 2758 615 2818 iuterim
628 2766 657 2817 et
669 2757 774 2833 longus
787 2766 817 2817 et
829 2756 933 2834 plenus
948 2764 977 2816 et
989 2753 1084 2816 clarus
1091 2758 1125 2811 ⁵5

78 2841 147 2899 satis
162 2840 296 2918 spiritus,
313 2848 480 2898 nontamen
496 2840 593 2899 lirmae
609 2841 775 2900 intentionis
789 2839 916 2919 ideoque
931 2836 1083 2914 tremulus,

77 2932 108 2982 ut
131 2939 274 2999 corpora,
298 2940 375 3002 quae
392 2931 514 3000 aspectu
533 2924 647 2999 integra
663 2926 762 2983 uersis
777 2940 877 3001 parum
896 2925 1082 2984 sustinentur.
1148 2936 1153 2946 “

77 3004 110 3065 ld
129 3001 259 3085 βρόγχον
281 3005 385 3067 Graeci
407 3014 523 3066 vocant.
562 3007 633 3067 Sunt
653 3008 702 3085 qui
722 3008 853 3086 spiritum
874 3025 938 3067 cum
959 3007 1085 3067 stridore

78 3105 132 3166 per
146 3090 292 3150 raritatem
309 3091 434 3151 (lentium
449 3088 507 3150 no'n
522 3092 665 3169 recipiunt
684 3090 738 3151 ssd
753 3089 916 3151 resorbeut.
949 3090 1021 3151 Sunt
1036 3089 1085 3165 qui

79 3170 186 3231 crebro
208 3171 335 3234 anhelitu
357 3183 387 3234 et
407 3175 562 3235 introrsum
584 3175 670 3234 etiam
693 3174 773 3235 clare
795 3183 915 3235 sonante
940 3174 1086 3233 imitentur

79 3257 202 3315 iumenta
226 3272 318 3317 onore
342 3266 372 3317 et
391 3258 459 3336 iugo
480 3258 652 3319 laborantia.
688 3257 773 3331 Quod
795 3258 932 3318 aliectaut
957 3259 1127 3335 quoquatti

79 3349 212 3418 tauquam
228 3340 401 3400 inventionis
417 3343 502 3420 copia
518 3351 691 3418 urgeantur,
712 3343 862 3419 malorque
876 3341 921 3399 ris
944 3340 1084 3418 eloquen-

79 3423 136 3482 tiae
154 3423 278 3499 ingruat,
295 3440 380 3503 quam
395 3441 470 3503 quae
486 3425 574 3485 emitti
589 3424 721 3485 saucibus
737 3426 838 3501 possit.
868 3421 922 3483 Est
939 3423 1004 3482 aliis
1015 3422 1084 3479 com
