2408 3854
357 185 445 234 rusa.
459 185 755 252 corrosorum,
769 185 794 236 r.
1016 175 1077 237 201

76 344 143 403 lutis
163 349 239 399 stare
263 340 327 416 ipsa
348 355 405 398 non
419 339 522 416 possit.
553 338 714 399 Maecutus
729 342 903 418 itaqueest,
926 349 957 400 ut
972 341 1080 420 aliquid
1141 392 1152 408 ,

76 443 176 487 eorum
197 440 313 503 quoque
335 440 421 482 causa
442 423 590 491 videretur
604 422 726 498 iacere,
750 433 850 483 contra
868 441 941 502 quos
957 424 1078 485 diceret.

74 509 149 570 illud
165 510 249 568 etiam
265 508 294 567 in
311 506 385 566 iocis
399 507 511 580 monui,
533 523 616 585 quam
636 509 727 584 turpis
752 516 832 566 esset
851 508 985 568 fortunae
1005 509 1121 575 inse-86

75 594 173 668 ctatio,
188 600 218 651 et
233 608 270 651 ne
282 592 310 649 in
322 598 401 648 totos
414 589 529 649 ordines
545 599 592 649 aut
602 598 706 666 gentes
719 598 767 652 aut
781 591 907 670 populos
922 592 1080 671 petulantia

75 680 244 736 incurreret.
268 673 327 734 Sed
338 676 451 733 interim
466 673 537 732 lides
552 675 704 750 patrocinii
717 676 796 752 cogit
812 675 952 755 quaedam
966 675 1004 735 de
1018 678 1079 737 uni·

73 777 160 819 verso
172 775 283 835 genere
296 756 457 834 aliquorum
468 755 611 814 hominum
627 757 736 833 dicere,
752 757 950 820 libertinorum
965 759 1014 820 vel
1029 761 1079 818 rui·

74 844 154 903 litum
165 842 213 901 vel
225 840 444 919 publicanorum
459 838 509 898 vel
520 840 651 899 similiter
665 840 794 901 aliorum.
824 841 856 901 ln
872 843 975 922 quibus
991 845 1121 906 omni-87

69 927 128 990 ‚hus
141 942 290 1001 commune
303 923 461 984 remedium
477 932 533 998 est,
549 932 579 982 ut
590 942 634 998 ea,
653 942 727 1003 quae
738 925 865 1001 laedunt,
882 944 939 986 non
955 926 1081 989 libenter

76 1017 199 1071 tractare
214 1008 353 1076 videaris;
369 1026 425 1067 nec
440 1009 469 1066 iu
480 1007 572 1067 omnia
584 1009 719 1085 impetum
730 1008 820 1069 iacias
835 1010 888 1070 sed
904 1012 932 1071 in
946 1009 984 1084 id,
1002 1009 1080 1088 quod

76 1092 295 1171 expugnandum
309 1101 367 1158 est:
396 1100 425 1151 et
438 1090 654 1170 reprehendens
669 1092 724 1153 alia
740 1091 1028 1170 laudecompenses:
1056 1094 1122 1156 si88

75 1176 195 1255 cupidos
213 1175 319 1235 milites
337 1175 434 1250 dicas,
458 1176 511 1236 sed
532 1192 589 1235 non
604 1177 717 1251 mirurn,
740 1175 818 1255 quod
834 1176 1030 1254 periculorum
1044 1194 1080 1236 ac

75 1261 221 1337 sanguinis
242 1260 351 1319 maiora
376 1258 430 1319 sibi
453 1258 553 1321 deberi
574 1260 702 1337 praemia
722 1268 836 1337 putent:
863 1259 983 1321 eosdem
998 1269 1080 1338 petu-

75 1345 179 1418 lantes,
195 1343 248 1402 sed
259 1342 317 1402 hoc
329 1343 403 1418 lieri,
420 1343 498 1422 quod
511 1342 598 1403 bellis
610 1344 702 1420 magis
715 1361 799 1421 quam
811 1345 877 1422 paci
888 1345 1080 1404 assueverint.

73 1426 226 1487 libertinis
241 1425 476 1488 detrahenda'est
490 1429 661 1495 auctoritem
677 1426 747 1488 licet
761 1428 795 1486 iis
812 1428 1004 1489 testimonium
1015 1426 1080 1487 red·

75 1510 146 1571 dere
171 1509 344 1585 industriae,
366 1528 420 1588 per
442 1528 526 1587 quam
543 1511 666 1570 exierint
687 1510 723 1569 de
745 1512 894 1571 servitute.
939 1509 1023 1584 Quod
1044 1509 1079 1570 ad
1087 1520 1123 1574 89

75 1596 207 1655 nationes
223 1600 340 1652 exteras
355 1594 497 1670 pertinet,
517 1591 622 1652 Cicero
639 1596 737 1653 varie:
761 1594 942 1655 detracturus
961 1593 1081 1656 Graecis

76 1677 196 1737 testibus
221 1675 306 1735 iidem
328 1675 486 1735 doctrinam
506 1677 540 1734 iis
559 1676 693 1736 concedit
712 1694 746 1736 ac
761 1676 887 1752 litteras,
910 1695 1002 1754 seque
1019 1679 1081 1737 eius

74 1761 170 1829 uentis
186 1767 344 1821 amatorem
360 1762 427 1819 es'se
444 1759 611 1837 profitetur,
631 1757 740 1819 Sardos
757 1761 923 1833 contemnit,
942 1758 1081 1818 Allobro-

75 1863 129 1920 gas
153 1851 183 1902 ut
204 1842 305 1902 hostes
323 1844 493 1910 insectatum
516 1859 636 1922 quorum
656 1841 725 1900 nihil
738 1850 823 1918 tunc,
847 1860 911 1901 cum
925 1842 1081 1917 diceretur,

77 1924 177 2006 pa'rum
191 1934 289 2004 aptum
304 1933 352 1985 aut
366 1935 507 1985 remotum
522 1944 591 1986 cura
607 1926 722 1988 decoris
737 1925 798 1984 luit.
819 1925 985 1986 Verborum
1000 1926 1125 1990 etiamad

77 2009 277 2070 moderatione
292 2008 403 2069 detrahi
418 2009 513 2085 solet,
536 2011 561 2069 si
576 2028 631 2070 rua
646 2019 691 2069 est
708 2011 751 2069 rei
766 2010 885 2073 invidia:
906 2009 931 2069 si
948 2025 1084 2086 asperum

77 2096 157 2157 dicas
177 2095 303 2155 naamam
319 2111 475 2170 seuerum,
497 2093 629 2153 iniustum
642 2096 844 2170 permansione
859 2093 939 2169 lodi,
957 2094 1083 2170 pertina-

77 2195 140 2237 cem
157 2177 239 2239 ultro
253 2177 375 2238 modam
389 2186 527 2240 tenacem
541 2194 611 2241 csse
624 2179 792 2256 propositi;
817 2178 989 2256 plemmque
1004 2174 1084 2236 velut

76 2263 158 2339 ipsos
176 2261 291 2321 coneris
307 2264 419 2327 ratione
436 2263 566 2338 vincere,
582 2262 660 2341 quod
675 2271 720 2321 est
734 2261 941 2322 mollissimum.

162 2343 335 2409 ludecorum
350 2359 396 2409 est
411 2346 588 2427 superhaec
604 2364 688 2407 omne
708 2346 836 2420 nimium,
857 2344 984 2422 ideoque
999 2344 1125 2404 etiamtl

76 2430 155 2512 quod
167 2442 268 2493 natura
282 2434 326 2493 rei
336 2434 408 2493 satis
420 2441 516 2511 aptum
531 2439 587 2506 est,
602 2432 657 2491 nisi
669 2429 755 2491 modo
768 2445 884 2506 quoque
896 2437 1083 2506 temperatur,

78 2518 199 2593 gratiam
219 2515 323 2595 perdit.
362 2513 449 2574 (iuius
475 2516 518 2574 rei
534 2514 701 2574 observatio
724 2513 829 2572 iudicio
850 2512 944 2587 magis
960 2511 1085 2590 quodam

79 2599 179 2658 sentiri
204 2615 289 2676 quam
312 2598 478 2676 praeceptis
501 2596 576 2657 tradi
600 2605 714 2676 potest:
743 2603 878 2672 quantum
903 2594 974 2652 satis
996 2594 1032 2651 sit
1056 2599 1086 2650 et

80 2689 216 2760 quantum
237 2680 379 2759 recipiant
400 2698 495 2740 aures.
528 2678 594 2738 Nou
615 2678 704 2739 habet
724 2677 798 2738 haec
813 2694 862 2737 res
878 2692 1040 2737 mensuram
1056 2682 1086 2734 et

79 2766 163 2845 quasi
181 2764 305 2842 pondus,
321 2765 387 2843 quia
402 2765 476 2823 utin
492 2762 564 2823 cibis
579 2762 636 2823 alia
653 2762 718 2822 aliis
735 2762 826 2838 magis
842 2759 999 2837 complent.

164 2847 364 2909 Adiciendum
386 2848 471 2907 etiam
493 2845 622 2908 breuiter
642 2845 773 2920 videtur,
795 2842 872 2922 quod
892 2843 957 2903 iere
972 2841 1128 2905 dicenditt

80 2934 202 2994 virtutes
218 2931 432 2993 diversissimae
452 2947 509 2990 uon
525 2929 620 2999 solum
641 2945 712 2989 suos
728 2935 873 2991 amatores
893 2925 1019 2987 habeant
1033 2923 1088 2985 sed

80 3014 118 3074 ab
134 3016 244 3078 eisdem
266 3034 357 3095 saepe
375 3015 536 3078 laudentur.
569 3012 642 3081 illam
661 3008 767 3074 Cicero
788 3012 911 3091 quodmr
926 3010 995 3071 loco
1016 3010 1087 3069 scri·

80 3099 133 3174 bit,
149 3100 184 3160 id
198 3120 266 3163 erac
280 3102 433 3180 optimam,
449 3099 545 3180 quod,
561 3117 630 3161 cum
644 3103 674 3162 te
687 3096 781 3176 facilc
795 3096 969 3167 credideris
983 3111 1088 3156 consa·

31 3259 33 3263 Ι
82 3184 330 3262 quiimttuta‘oac,
345 3204 406 3247 non
419 3185 528 3264 possis.
560 3181 627 3243 lilio
641 3196 731 3256 vero,
745 3199 806 3242 oon
822 3180 858 3240 id
871 3180 984 3256 spisse,
998 3185 1032 3238 ut
1044 3177 1090 3243 itu

82 3269 211 3345 diceret,
230 3270 379 3347 quomodo
393 3287 427 3330 se
442 3269 567 3346 quilibet
578 3284 669 3344 posce
683 3263 852 3342 confideret
865 3264 924 3324 scd
940 3259 1090 3339 quomodo

81 3369 178 3413 namo.
219 3351 304 3425 Quod
323 3359 423 3429 potest
443 3367 572 3429 pugnare
588 3351 663 3409 inter
678 3365 711 3406 se
726 3346 828 3406 videri.
859 3345 968 3404 Verum
983 3349 1131 3404 utrum-se

83 3452 140 3513 que
161 3452 197 3494 ac
218 3435 322 3494 merito
343 3432 490 3509 laudatur,
512 3450 663 3493 causarum
683 3431 759 3490 enim
781 3429 866 3489 modo
889 3428 985 3487 distat.
1016 3425 1098 3494 Quia
