2408 3854
354 195 444 244 mss.
466 195 615 244 ouunon.
638 195 819 262 n1s.x1‚1.
1017 188 1075 250 197

75 360 175 412 natura
200 368 299 430 parum
327 352 462 428 speciosa
486 367 619 429 quaeque
639 366 698 409 non
723 349 838 426 dicere,
867 352 892 409 si
913 350 1079 413 utrumlibet

74 443 155 494 esset
170 434 307 510 liberum,
326 433 543 508 maluissemus,
567 442 736 493 nontamen
758 435 814 493 sint
828 434 967 495 indecora
981 435 1084 495 dicen-1
1131 436 1135 444 '

74 517 159 577 tinus.
191 516 267 591 Quid
281 519 461 596 asperiorem
477 516 587 577 habere
603 517 728 577 frontem
742 526 841 596 potest
856 526 904 577 ant
915 518 983 596 quid
995 533 1120 586 auresor

75 600 219 660 homiuum
235 603 327 678 magis
342 610 492 680 respuunt,
510 617 595 678 quam
610 618 675 661 cum
690 610 736 661 est
752 600 812 661 lilio
828 601 915 661 liliive
931 601 1079 664 advocatis

74 687 103 744 in
117 693 238 745 matrem
255 682 467 762 perorandum?
496 683 660 761 Aliquando
676 694 771 746 tamen
786 703 911 746 necesse
927 694 983 762 cst,
999 695 1030 746 ut
1050 690 1080 748 in
1100 708 1103 713 ’

76 786 164 828 causa
180 766 304 827 Cluentii
321 766 426 827 Habiti.
465 766 524 827 Sed
538 783 596 827 nou
610 787 727 848 semper
746 768 796 829 illa
819 770 882 845 via,
907 787 963 848 qua
980 779 1080 833 contra

76 852 186 911 Sasiam
208 849 312 910 Cicero
333 868 402 909 usus
426 859 485 919 est;
507 867 566 910 non
589 854 655 931 qnia
677 870 735 912 nou
750 852 800 912 ille
815 854 923 932 optime
938 861 999 930 est,
1025 854 1079 914 sed

75 935 142 1013 quia
159 934 310 1013 plurimum
324 935 430 1011 refert,
451 952 506 1013 qua
524 936 552 994 in
566 953 598 995 re
617 945 646 995 et
662 953 719 1014 quo
735 935 820 996 modo
840 937 945 997 laedat.
977 937 1078 1016 ltaque
1086 949 1121 1003 62

73 1018 133 1093 illa,
150 1036 213 1078 cum
229 1017 279 1078 tilii
295 1027 381 1097 eaput
395 1017 489 1097 palam
501 1020 692 1096 impugnaret,
709 1020 823 1079 fortiter
834 1020 887 1079 fuit
897 1021 1078 1099 repellenda.

74 1100 140 1161 Duo
162 1110 273 1179 tamen,
300 1118 375 1180 quae
397 1101 461 1162 sola
484 1112 671 1181 supererant,
696 1104 792 1163 diuiue
814 1100 919 1162 Giccro
942 1107 1094 1165 servavit„

73 1185 213 1260 Primum,
239 1204 276 1246 ne
294 1186 519 1247 oblivisceretur
532 1188 733 1263 reverentiae,
756 1204 831 1265 quae
847 1186 1014 1265 perentibus
1030 1187 1079 1248 de·

72 1267 170 1337 betur;
187 1270 292 1330 deiude
309 1279 350 1346 nt,
366 1270 499 1348 repetitis
515 1268 599 1330 altius
616 1272 727 1346 causis,
744 1269 964 1347 diligentissime
982 1280 1079 1331 osteu-

73 1353 167 1429 dcret,
185 1371 270 1432 quam
285 1354 329 1429 td,
349 1353 504 1431 quoderat
521 1356 549 1412 in
563 1363 684 1414 matrem
700 1354 840 1430 dicturus,
856 1371 914 1413 non
928 1363 1080 1433 oporteret

73 1436 159 1495 modo
177 1436 239 1495 lieri
255 1438 308 1496 sed
324 1438 409 1496 etiam
425 1454 550 1496 necesse
566 1447 656 1498 esset.
679 1438 831 1517 Primaque
846 1437 920 1498 haec
934 1440 1122 1517 expositioos

73 1520 141 1594 fuit,
169 1537 331 1598 quanquam
350 1520 386 1579 ad
402 1529 585 1597 praesentem
603 1523 803 1600 quaestionem
818 1521 889 1582 nibil
904 1521 1078 1600 pertinebat.

74 1601 159 1662 Adeo
180 1605 209 1663 in
232 1621 321 1663 causa
343 1602 454 1663 difficili
470 1613 555 1682 atque
572 1607 714 1684 perplexa
729 1605 798 1666 nibil
819 1608 899 1685 prius
915 1607 1080 1666 intuendum

74 1687 212 1762 credidit,
235 1705 320 1764 quam
341 1686 408 1765 quid
429 1687 558 1748 deceret.
596 1686 679 1748 Fecit
698 1691 795 1767 itaque
822 1706 927 1749 nomen
952 1693 1080 1767 parentis

74 1787 131 1829 non
147 1770 206 1830 lilio
223 1771 411 1846 invidiosum,
431 1771 484 1831 sed
495 1772 571 1850 ipsi,
588 1772 616 1830 in
632 1790 715 1851 quam
730 1771 889 1831 dicebatur.
924 1773 1025 1832 Potest
1039 1782 1123 1838 ta-dl

74 1871 139 1912 men
151 1853 305 1931 aliquando
321 1863 413 1914 mater
428 1856 499 1913 etin
514 1873 547 1914 re
562 1855 675 1914 leviore
690 1857 843 1914 autminus
857 1855 963 1914 infeste
980 1865 1079 1916 contra

74 1937 162 1996 lilium
187 1946 280 2005 stare;
308 1946 368 1996 tum
395 1937 488 1997 leuior
513 1946 600 2016 atque
625 1939 805 1997 summissior
829 1937 947 1998 decebit
974 1941 1077 1999 oratio.

73 2019 146 2080 Nam
174 2029 204 2080 et
231 2019 438 2081 satisfaciendo
466 2030 515 2082 unt
541 2030 668 2080 nostram
692 2023 850 2081 minuemus
876 2021 1009 2082 invidiam
1033 2032 1080 2082 aut

74 2105 159 2164 etium
178 2107 208 2164 in
229 2105 376 2165 diversum
399 2123 462 2165 eam
483 2104 705 2173 transieremas3
731 2114 760 2164 et
783 2107 808 2164 si
828 2107 957 2182 graviter
977 2106 1080 2166 dolere

74 2187 162 2247 lilium
184 2189 279 2266 palam
298 2189 399 2249 inerit:
432 2188 568 2249 credetur
588 2187 694 2248 abesse
720 2188 755 2250 ab
780 2206 816 2248 eo
839 2188 952 2268 culpam
971 2189 1080 2269 detque

74 2271 151 2330 ultro
168 2272 352 2332 miserabilis.
383 2272 528 2332 Avertere
545 2290 663 2351 quoque
680 2274 709 2332 in
723 2273 796 2334 alios
814 2275 921 2332 ordmeri
936 2273 1032 2350 decet,
1048 2281 1122 2338 utos

74 2355 176 2415 fraude
196 2355 357 2434 aliquorum
379 2359 493 2416 concita
513 2357 663 2432 credatur,
687 2365 731 2434 ct,
752 2359 846 2417 omnia
860 2374 914 2416 nos
929 2373 1079 2435 passuros,

74 2438 144 2497 nibil
163 2457 268 2516 aspere
289 2441 435 2516 dicturos,
459 2441 637 2515 testandum,
663 2449 708 2517 ut,
726 2443 910 2501 etiamsinon
927 2457 1080 2518 possumus

76 2525 247 2597 conviciari,
264 2523 345 2583 nolle
360 2523 517 2583 videamur.
552 2521 662 2597 litium,
684 2527 709 2582 si
726 2523 793 2602 quid
808 2523 1000 2582 obiiciendum
1016 2525 1080 2598 erit,

70 2603 202 2663 ‘cilicium
216 2613 262 2664 est
278 2609 408 2683 patroni,
424 2614 455 2665 ut
470 2606 498 2665 id
516 2605 576 2665 lilio
592 2608 681 2665 invito
697 2607 751 2667 sed
767 2605 824 2666 lide
840 2613 966 2683 cogente
980 2605 1081 2666 iacere

76 2685 220 2746 credatur.
252 2686 294 2747 lta
313 2689 421 2765 poterit
446 2697 569 2767 uterque
591 2689 711 2750 laudari.
743 2688 827 2761 Quod
848 2687 885 2748 de
905 2698 996 2749 matre
1011 2689 1080 2765 dixi,

75 2770 112 2830 de
128 2779 252 2849 utroque
269 2780 389 2849 parente
405 2772 605 2850 accipiendum
621 2782 675 2832 est.
705 2771 777 2832 Nam
792 2773 867 2831 intcr
882 2781 981 2851 patres
997 2775 1083 2833 etiam

75 2853 228 2932 liliosque2
251 2872 315 2914 cum
337 2856 541 2915 interuenisset
556 2856 765 2933 emancipatio,
789 2855 930 2933 litigatum
946 2857 1019 2917 scio.
1050 2856 1124 2917 lniib

76 2937 139 2996 aliis
161 2956 278 3017 qnoque
299 2938 563 3018 propinquitatibus
585 2938 804 3000 custodiendum
827 2949 888 3017 est,
911 2949 943 3000 ut
957 2942 1037 3001 inviti
1052 2949 1083 3001 et

74 3025 242 3082 necessario
259 3033 289 3083 et
306 3040 395 3102 parce
417 3023 577 3083 iudicemur
593 3023 717 3092 dixisse;
740 3025 833 3102 magis
853 3033 948 3084 autem
968 3032 1017 3084 unt
1030 3025 1081 3083 mi·

75 3121 144 3180 nus,
173 3115 205 3166 ut
230 3109 335 3185 cuique
363 3123 509 3188 personae
534 3105 657 3167 debetur
677 3109 849 3170 reverentia.
893 3106 1004 3169 liudem
1026 3123 1081 3186 pro

75 3186 186 3247 libertis
212 3189 352 3250 adversus
378 3200 518 3271 patronos
539 3190 733 3252 observantia.
769 3190 808 3252 Et
831 3201 862 3252 ut
884 3191 977 3252 semel
996 3190 1082 3269 plura
1152 3256 1180 3271 ,-

75 3272 269 3350 complectar‚
293 3292 435 3352 nunquam
455 3274 573 3336 decebit
590 3277 634 3336 sic
656 3277 796 3336 adversus
817 3276 892 3336 tales
908 3292 998 3352 agere
1013 3292 1081 3353 per·

74 3371 177 3431 sonas,
205 3357 351 3435 quomodo
380 3367 480 3419 contra
506 3376 559 3418 uos
585 3361 632 3437 agi
654 3359 690 3419 ab
716 3358 878 3419 bominibus
904 3358 1082 3419 condicionis
1149 3362 1183 3441 ,ᾖ

74 3438 205 3500 eiusdem
224 3442 322 3520 iniquo
344 3442 439 3502 unimo
463 3443 639 3503 tulissemus.
669 3441 836 3502 Praestatur
856 3441 1142 3517 bucelinum&
