2408 3854
153 179 214 241 150
250 260 253 267 Ι
469 187 832 246 m.nsn.aumnmmn1

151 346 223 410 llam
239 347 399 425 scriptores
412 340 526 421 quidem
537 340 695 401 iamborum
706 341 874 419 veterisque
889 342 1058 403 comoediae
1071 344 1157 403 etiam

150 432 252 492 inillis
269 446 359 508 saepe
376 426 541 493 laudantem
564 424 617 484 sed
639 424 722 484 nobis
745 432 874 485 nostrum
895 443 969 505 opus
990 427 1094 499 intueri
1111 437 1158 487 sat

151 525 206 576 est.
254 511 354 573 Omnia
374 509 480 585 verba,
502 509 635 586 exceptis
662 509 698 568 de
727 507 829 587 quibus
857 509 932 585 dixi,
958 517 1023 570 sunt
1051 509 1158 571 alicubi

151 601 274 678 optima:
292 613 356 656 uam
374 603 404 654 et
417 591 569 652 humilibus
587 594 699 652 interim
716 600 745 651 et
756 591 923 670 vulgaribus
936 610 1021 672 opus,
1038 603 1066 653 et
1083 613 1158 673 quae

150 681 284 743 nitidiore
305 682 334 739 iu
356 685 438 757 parte
455 675 588 735 videntur
608 675 740 751 sordida,
764 674 812 735 ubi
831 695 880 736 res
901 678 1013 756 poscit,
1038 680 1158 757 proprie

110 767 291 830 todiountur.
327 761 407 822 llaec
428 767 458 820 ut
478 760 603 819 sciamus
621 768 707 840 atque
724 775 824 820 eorum
845 776 903 820 non
918 760 1158 838 significationem

151 849 237 909 modo
254 845 307 906 sed
322 845 429 905 formas
448 845 533 904 etiam
546 861 754 922 mensurasque
771 844 914 921 norimus,
930 852 976 920 ut,
993 843 1159 924 ubicunque

76 941 82 948 '
153 940 236 993 erunt
250 932 363 1009 p'osita,
380 928 568 1002 conveniant,
584 928 638 987 nisi
654 926 743 987 multa
759 926 887 988 lectione
906 936 993 1006 atque
1011 928 1158 989 auditione

152 1014 270 1093 assequi
287 1012 366 1073 nullo
382 1011 469 1072 modo
484 1027 649 1091 possumus,
665 1029 728 1071 cum
741 1027 854 1070 omnem
866 1028 1029 1072 sermonem
1039 1011 1159 1072 auribus

153 1098 275 1179 primum
294 1097 480 1175 accipiamus.
510 1094 634 1173 Propter
644 1094 723 1174 quod
738 1094 860 1155 infantes
873 1113 889 1155 a
903 1099 988 1155 mutis
999 1095 1159 1156 nutricibus

153 1185 232 1243 iussu
253 1198 356 1259 regum
376 1180 405 1238 in
424 1178 579 1239 solitudine
601 1178 732 1253 educati,
760 1179 871 1238 etiamsi
898 1179 988 1240 verba
1016 1179 1160 1258 quaedam

113 1267 285 1333 ltemisisse
301 1263 466 1338 traduntur,
483 1271 578 1322 tamen
593 1261 731 1340 loquendi
746 1261 884 1323 facultate
902 1264 1055 1324 caruerint.
1087 1264 1160 1325 Sunt

153 1359 248 1412 autem
263 1347 319 1409 alia
334 1346 418 1406 buius
435 1354 564 1421 naturae,
582 1355 613 1405 ut
626 1345 701 1405 idem
716 1344 846 1424 pluribus
862 1345 984 1406 vocibus
995 1346 1158 1422 declarent,

153 1437 193 1494 ita
206 1442 237 1492 ut
254 1431 323 1491 nibil
338 1429 566 1507 significationis,
585 1446 641 1508 quo
657 1431 754 1507 potius
769 1431 869 1507 utaris,
887 1431 1009 1505 intersit,
1028 1438 1058 1490 ut
1077 1432 1160 1493 eneis

154 1526 184 1576 et
196 1516 340 1595 placidinae
362 1512 417 1574 alia
432 1529 521 1588 vero,
544 1530 619 1591 quae
633 1513 744 1573 etiamsi
759 1515 878 1592 propria
889 1531 986 1574 rerum
1000 1512 1159 1592 aliquarum

154 1602 210 1659 sint
228 1599 360 1672 nomina,
377 1599 522 1676 τροπικῶς
544 1597 652 1676 [quasi]
673 1605 767 1657 tamen
789 1597 825 1657 ad
844 1596 965 1657 eundem
979 1597 1160 1659 intellectum

111 1693 146 1747 12
154 1683 294 1758 feruntur,
311 1688 342 1740 ut
354 1680 473 1758 ferrum
492 1687 522 1739 et
535 1699 651 1742 mucro.
684 1679 757 1740 Nam
772 1698 826 1759 per
843 1680 1011 1741 abusionem
1025 1683 1160 1744 etcortos

154 1766 239 1826 etiam
254 1781 354 1825 omnes
375 1781 529 1840 vocamus,
552 1765 600 1843 qui
622 1764 740 1825 caedem
760 1765 821 1824 telo
846 1781 1019 1844 quocunque
1042 1767 1158 1825 commi-

152 1851 251 1910 serint.
281 1847 348 1909 Alia
366 1848 486 1908 circuitu
497 1847 652 1908 verborum
664 1848 787 1927 plurium
805 1847 992 1924 ostendimus,
1011 1849 1099 1928 quale
1113 1857 1160 1910 est

152 1931 193 1995 m
204 1933 309 2013 presai
325 1933 416 2012 copia
436 1933 536 1994 lectio
573 1930 696 1993 Plurima
716 1947 788 1991 vero
812 1933 968 1993 mutatione
984 1931 1158 2010 figuramus:

153 2017 242 2095 Soio,
268 2012 337 2077 Non
350 2017 457 2095 ipnoro
472 2023 502 2076 et
521 2013 589 2078 Non
604 2035 652 2084 ma
665 2016 745 2095 {iapit
759 2024 789 2076 et
801 2013 871 2078 Non
886 2035 933 2078 me
953 2019 1108 2096 praeterit
1129 2025 1159 2075 et

111 2112 144 2166 13
153 2098 230 2173 Quis
244 2098 361 2161 amcit?
379 2107 408 2158 et
423 2096 545 2161 Nemini
559 2099 684 2161 dubium
700 2106 753 2161 est.
785 2100 844 2161 Sed
867 2100 953 2162 etiam
970 2118 1008 2161 ex
1024 2100 1157 2179 proximo

150 2183 272 2243 mutuari
292 2180 374 2241 libet.
418 2180 490 2242 Nam
514 2191 544 2242 et
569 2183 703 2262 inteliipo
728 2192 758 2243 et
780 2186 877 2247 sendo
904 2193 935 2244 et
955 2185 1046 2246 video
1066 2201 1159 2263 saepe

150 2265 225 2326 idem
240 2265 339 2324 valent
354 2263 432 2343 quod
448 2266 522 2329 acio.
563 2264 691 2340 Quorum
714 2266 797 2327 nohis
814 2267 976 2329 ubertatem
991 2285 1027 2328 ac
1043 2267 1158 2328 divitias

150 2347 229 2408 debit
243 2347 345 2424 lectio,
360 2357 391 2408 ut
407 2364 465 2408 uon
480 2348 573 2410 solum
588 2351 734 2429 quomodo
748 2360 904 2412 ocourrent
918 2350 972 2412 sed
987 2353 1073 2412 etlam
1086 2368 1158 2430 quo·

109 2431 233 2496 ltmodo
251 2439 369 2510 oportet
384 2439 505 2492 utamur.
543 2431 608 2493 Non
625 2451 742 2514 semper
759 2437 833 2495 enim
853 2434 927 2496 baec
942 2437 1018 2495 inter
1033 2451 1067 2494 se
1082 2434 1159 2495 idem

150 2516 277 2584 iaciunt:
296 2532 352 2576 neo
368 2516 443 2576 siout
457 2516 493 2576 de
509 2516 659 2578 intellectu
675 2519 759 2578 animi
774 2527 856 2579 reete
871 2518 994 2580 dixerim
1011 2519 1103 2581 video
1119 2521 1158 2578 ita

150 2599 187 2660 de
202 2601 266 2659 visu
283 2597 435 2659 oculorum
450 2601 595 2680 inteliipo,
610 2619 666 2662 nec
681 2611 712 2661 ut
726 2621 832 2664 mucro
843 2602 971 2680 gladium
985 2602 1029 2662 sic
1043 2618 1157 2663 mucro·

109 2693 214 2746 lenem
236 2683 363 2762 pladite
384 2683 520 2744 ostendit.
560 2684 619 2745 Sed
643 2694 673 2745 ut
689 2686 774 2764 eopia
792 2685 948 2747 verborum
963 2686 1008 2746 sio
1023 2695 1156 2764 paratur.

152 2768 191 2826 ita
206 2783 264 2825 non
278 2765 434 2827 verborum
449 2776 557 2828 tentum
572 2770 666 2845 gratia
681 2768 836 2846 legendum
848 2769 899 2830 rel
914 2767 1085 2830 audiendum
1101 2777 1156 2829 est.

151 2846 223 2907 Nam
244 2851 383 2927 omnium,
409 2868 600 2932 quaecunque
615 2851 771 2928 docemus,
792 2851 850 2913 boo
872 2861 938 2913 sunt
953 2852 1090 2930 exempla
1104 2868 1157 2931 po·

152 2933 276 2992 tentiora
290 2933 376 2992 etiam
389 2934 461 3011 ipsis
478 2951 553 3012 quae
568 2935 716 2996 traduntur
732 2935 856 3012 artibus,
873 2953 937 2997 oum
953 2952 990 2996 eo
1008 2937 1057 3016 qui
1072 2935 1159 2996 discit

152 3014 309 3092 perductus
325 3024 388 3091 est,
409 3025 440 3077 ut
460 3016 627 3095 intelligere
650 3036 685 3079 ea
707 3020 769 3078 siue
793 3018 1008 3080 demonstrante
1028 3026 1059 3079 et
1073 3019 1158 3099 sequi

151 3100 206 3158 iam
222 3100 282 3241 spis
297 3097 406 3158 viribus
422 3102 532 3178 possit,
557 3102 639 3179 quia,
662 3119 737 3180 quae
751 3102 855 3163 doctor
870 3105 1039 3183 praecepit,
1057 3110 1159 3165 orator

150 3189 235 3241 osten
256 3183 286 3242 it.

110 3272 143 3328 1⁶
233 3265 299 3325 Alia
314 3283 386 3327 vero
403 3265 571 3345 audientes,
587 3268 644 3329 alia
659 3268 794 3346 legentes
812 3271 904 3347 magis
921 3269 1066 3330 adiuvant.
1098 3266 1157 3331 Ex·

152 3349 220 3410 citat
237 3351 285 3428 qui
302 3349 372 3409 dicit
391 3351 493 3429 spiritu
507 3352 589 3430 ipso,
614 3370 670 3413 neo
685 3353 808 3430 imagine
823 3361 854 3413 et
869 3352 976 3414 ambitu
991 3369 1090 3415 rem
1103 3350 1158 3413 sed

151 3431 238 3491 rebus
252 3432 388 3492 inoendit.
426 3433 533 3494 Vivunt
548 3437 641 3495 omnia
653 3438 728 3496 euim
750 3444 780 3496 et
794 3445 962 3514 moventur,
981 3436 1158 3517 exelplmns·
