2408 3854
339 148 779 214 rusu.ormuon.1.1s.x1‚u.
1004 137 1065 198 20⁷

58 320 124 371 sus;
147 303 175 360 in
192 310 274 380 parte
290 304 380 363 iuvari
400 311 514 381 potest,
538 303 632 381 quod,
657 322 720 364 cum
737 304 829 363 semel
845 313 893 364 aut
907 303 952 363 bis
968 305 1065 365 audie·

58 387 105 461 rit,
122 387 256 446 continuo
272 386 313 447 illi
328 388 494 446 memoriam
507 404 587 446 snam
603 389 731 466 experiri
747 386 816 447 licet
829 398 932 447 etcum
948 387 1066 465 legente

59 470 244 530 contendere.
277 469 347 529 Nam
366 479 395 529 et
410 470 519 549 alioqui
534 470 562 530 id
580 472 702 530 maxime
719 471 880 532 laciendum
897 480 952 547 est,
969 480 998 530 ut
1012 490 1066 531 nos

58 552 178 614 subinde
206 562 391 632 temptemus;
422 555 487 632 quia
511 555 644 613 continua
668 554 756 614 lectio
780 564 809 614 et
831 573 907 632 quae
925 557 1016 631 magis
1038 566 1067 615 et

59 656 133 716 quae
161 635 255 697 minos
284 636 404 697 haerent
427 636 588 713 aequaliter
616 640 725 698 transit.
765 637 796 698 ln
818 639 997 717 experiendo
1025 649 1108 709 te·35

57 739 181 797 neasne,
209 729 237 779 et
260 721 352 779 maior
375 721 494 779 intentio
517 729 562 779 est
586 729 615 779 et
640 721 709 780 nihil
729 724 903 800 supervacui
926 725 1065 801 temporis

58 807 151 883 perit,
173 821 230 883 quo
248 805 332 863 etiam
350 821 424 882 quae
440 811 571 863 tenemus
587 805 681 882 repeti
698 806 809 874 solent;
835 808 873 866 ita
890 806 971 883 sola,
993 824 1066 885 quae

58 889 238 963 exciderunt,
256 896 457 964 retractantur,
473 896 504 947 ut
519 885 622 948 crebra
638 889 790 947 iteratione
805 890 961 965 firmentur,
979 908 1066 969 quan-

59 989 143 1050 quam
158 971 255 1030 solent
272 972 329 1030 hoc
344 973 409 1049 ipso
427 973 550 1032 maxime
566 971 705 1047 haerere,
724 973 800 1050 quod
815 973 992 1033 exciderunt.
1030 973 1066 1034 ll·

59 1055 107 1115 lud
123 1053 281 1115 ediscendo
296 1055 511 1133 scribendoque
532 1071 681 1119 commune
697 1065 758 1131 est,
785 1058 899 1134 utrique
915 1056 1066 1134 plurimum

59 1138 194 1198 conferre
215 1138 319 1199 bonam
336 1139 547 1214 valetudinem,
574 1139 718 1215 digestum
740 1139 850 1215 cibum,
872 1141 993 1199 animum
1017 1158 1066 1199 oo-

57 1221 242 1301 gitationibus
268 1223 331 1283 aliis
353 1222 484 1282 liberum.
515 1222 624 1283 Verum
644 1231 673 1282 et
694 1225 722 1281 in
743 1225 778 1282 iis
802 1241 875 1301 qnae
897 1224 1110 1301 scripsimus36

59 1306 288 1385 complectendis
303 1307 422 1366 multum
435 1306 546 1381 valent,
566 1315 595 1365 et
612 1307 689 1365 iniis
706 1325 780 1385 quae
797 1308 957 1383 cogitamus
976 1310 1066 1366 conti·

58 1390 159 1449 nendis
181 1407 274 1470 prope
299 1390 381 1450 solae
405 1392 563 1469 (excepta,
588 1408 662 1468 quae
678 1392 877 1468 potentissima
896 1400 956 1466 est,
981 1409 1065 1450 exer·

60 1474 212 1551 citatione)
237 1473 371 1532 divisio
400 1483 434 1532 et
462 1475 694 1552 compositio.
734 1473 806 1534 Nam
829 1476 877 1552 qui
894 1484 976 1534 recte
994 1475 1063 1535 divi·

58 1559 145 1636 serit,
170 1574 312 1637 nunquam
335 1549 443 1636 poterit
464 1559 491 1615 in
512 1573 607 1616 rerum
629 1557 729 1616 ordine
746 1576 855 1618 errare.
896 1556 982 1618 Certa
1003 1568 1108 1623 suntet

60 1645 134 1703 enim
157 1660 214 1702 non
237 1643 332 1702 solum
360 1644 388 1700 in
415 1641 580 1718 digerendis
607 1641 823 1717 quaestionibus
849 1642 901 1701 sed
928 1643 1013 1702 stiam
1036 1646 1064 1702 in

61 1726 255 1805 exequendis,
286 1725 419 1784 simodo
445 1733 528 1784 recte
550 1723 686 1797 dicimus,
715 1726 805 1802 prima
830 1741 864 1784 ac
886 1725 1014 1784 secunda
1037 1736 1066 1786 et

60 1811 214 1887 deinceps;
234 1809 432 1886 cohaeretque
448 1809 538 1866 omnis
554 1823 650 1866 rerum
666 1807 824 1885 copulatio,
841 1816 871 1865 ut
890 1809 917 1866 ei
932 1808 1000 1866 nihil
1017 1826 1066 1866 ne·

60 1912 116 1972 que
129 1892 257 1951 subtrahi
272 1893 334 1951 sine
350 1892 501 1951 manifesto
518 1890 669 1950 intellectu
681 1908 776 1967 neque
791 1891 877 1949 inseri
894 1890 995 1968 possit.
1019 1891 1064 1950 An
1076 1900 1112 1954 38

60 1993 130 2037 vero
149 1976 293 2035 Scaevola
318 1977 346 2034 in
368 1975 431 2034 lusu
448 1975 598 2034 duodecim
615 1975 804 2052 scriptorum,
829 1992 893 2053 cum
913 1976 993 2052 prior
1009 1975 1067 2033 cal·

61 2060 155 2119 culum
171 2059 365 2138 promovisset
382 2068 518 2136 essetque
534 2061 645 2129 victus,
666 2058 730 2117 dum
745 2077 793 2116 rus
810 2058 916 2132 tendit,
939 2060 1067 2135 repetito

61 2147 148 2203 totius
166 2144 329 2203 certaminis
346 2142 457 2219 ordine,
475 2160 532 2222 qno
549 2143 616 2202 dato
633 2151 761 2201 errasset
775 2141 965 2217 recordatus,
983 2142 1069 2201 rediit
1104 2186 1109 2198 .

61 2230 96 2289 ad
113 2246 188 2304 eum,
205 2244 329 2304 quocum
346 2227 464 2303 luserat,
482 2229 564 2305 isque
579 2228 618 2286 ita
634 2225 739 2285 facturn
756 2244 822 2285 esse
840 2226 991 2284 confessus
1008 2235 1067 2284 est:

62 2313 153 2370 minus
170 2311 245 2370 idem
262 2311 333 2370 ordo
349 2310 458 2370 valebit
474 2313 502 2370 in
517 2311 666 2385 oratione,
687 2311 858 2388 praesertim
875 2318 952 2368 totus
968 2318 1068 2369 nostro

62 2393 181 2458 arbitrio
198 2396 386 2469 constitutus,
412 2413 475 2453 cum
492 2403 598 2454 tantum
616 2394 666 2453 ille
683 2394 778 2454 valeat
796 2390 948 2454 alternus?
974 2392 1067 2452 Etiam
1078 2402 1112 2456 39

63 2496 136 2556 quae
148 2477 223 2536 bene
241 2479 401 2555 composita
417 2487 509 2553 erunt,
528 2480 692 2538 memoriam
705 2480 782 2537 serie
795 2495 847 2536 sua
860 2476 973 2535 ducent.
998 2474 1069 2534 Nam

62 2562 137 2620 sicut
159 2560 272 2620 facilius
293 2578 396 2619 versus
422 2560 576 2620 ediscimus
595 2579 678 2638 quam
695 2576 811 2637 prosam
833 2561 1009 2639 orationem:
1032 2560 1069 2618 ita

63 2661 170 2722 prosae
185 2644 281 2702 vincta
305 2660 389 2720 quam
411 2643 560 2703 dissoluta.
598 2644 647 2702 Sic
669 2643 825 2718 contingit,
848 2651 878 2700 ut
895 2643 979 2700 etiam
995 2658 1070 2719 quae

63 2747 101 2787 ex
117 2736 248 2805 tempore
265 2726 436 2785 videbantur
451 2726 553 2802 ellnsa,
576 2726 612 2786 ad
628 2725 747 2785 verbum
763 2727 887 2803 repetita
903 2724 1068 2784 reddantur.

64 2810 148 2884 Quod
169 2829 251 2870 meae
271 2827 387 2888 quoque
404 2812 560 2870 memoriae
575 2809 804 2870 mediocritatem
827 2807 1022 2888 sequebatur,
1046 2808 1071 2866 si

64 2895 176 2972 quando
193 2897 370 2954 interventus
386 2893 556 2972 aliquorum,
574 2895 622 2972 qui
634 2892 710 2953 hunc
724 2892 864 2952 honorem
880 2901 1070 2967 mererentur,

64 2979 169 3037 iterare
189 2979 408 3038 declamationis
432 2986 542 3056 partem
566 2973 725 3054 coegisset.
764 2976 827 3036 Nec
850 2986 896 3036 est
920 2976 1070 3036 mendacio

66 3061 166 3135 locus,
185 3062 273 3122 saluis
291 3064 339 3140 qui
355 3063 554 3123 interfuerunt.

149 3145 180 3202 Si
196 3147 259 3222 quis
275 3154 369 3207 tamen
384 3165 467 3206 unam
483 3147 690 3224 maximamque
711 3162 788 3204 ame
805 3153 896 3203 artem
915 3144 1114 3204 memoriaelo

65 3237 201 3306 quaerat:
226 3231 458 3289 exercitatio
478 3238 523 3290 est
539 3239 568 3289 et
585 3228 704 3297 labor;
720 3228 806 3287 multa
823 3227 967 3300 ediscere,
984 3224 1070 3284 multa

65 3314 213 3389 cogitare,
237 3321 267 3371 et
291 3314 316 3370 si
334 3312 396 3372 lreri
417 3322 516 3391 potest
539 3314 661 3388 cotidie,
684 3312 913 3390 potentissimum
937 3317 991 3367 est.
1023 3305 1071 3364 Ni·
1134 3357 1136 3360 .

64 3395 105 3454 hil
123 3413 216 3474 aeque
236 3395 283 3454 vel
301 3404 424 3473 augetur
440 3413 508 3456 cura
529 3396 578 3456 uel
595 3396 771 3472 negligentia
787 3391 941 3453 intercidit.
975 3388 1116 3463 Quaredl
