2408 3854
575 113 582 144 ,
976 127 984 130 .

356 185 445 234 ruer.
459 184 763 251 oanros.1.1s.vn,
778 183 803 234 1.
1068 177 1088 235 7

77 343 198 424 publica
213 343 310 403 fuerit.
353 337 561 400 Necessitate?
585 339 680 400 subita
694 340 781 416 igitur
795 357 907 418 pugna,
929 359 988 401 non
1003 361 1087 421 prae·

77 437 195 506 parata;
218 427 293 488 alter
313 427 401 503 igitur
422 424 571 484 insidiatus
595 433 649 483 est.
688 420 780 483 Uter?
800 422 938 485 Profecto
956 424 1086 488 Clodius.

45 559 48 565 .
77 511 226 587 Videsne,
248 521 279 570 ut
296 512 360 589 ipsa
380 526 477 568 rerum
494 509 657 568 necessitas
672 506 798 567 deducat
813 507 850 568 ad
866 505 1088 571 defensionem?

78 595 201 656 Adbuc:
223 595 282 654 Aut
297 594 396 671 utique
411 591 503 652 voluit
520 593 657 651 occidere
674 591 872 651 insidiatorem
888 590 1020 654 Clodium
1041 605 1130 660 aut36

76 697 147 739 nou.
193 678 310 753 Tutius,
329 674 356 736 si
370 676 471 737 noluit.
517 675 663 736 Fecerunt
678 693 751 753 ergo
767 678 845 736 servi
860 674 976 737 Milonis
992 697 1087 757 neque

76 761 198 823 iubente
216 780 312 840 neque
330 762 442 820 sciente
459 758 577 821 Milone.
622 759 750 821 Athaco
766 769 822 820 tam
841 761 937 822 timida
953 762 1087 823 defensio

75 847 205 907 detrahit
233 847 434 907 auctoritatem
459 842 518 920 illi,
551 861 609 923 qua
637 853 720 903 recte
750 843 917 904 dicebamus
947 849 1085 907 occisum.

77 930 255 991 Adiicietur:
278 928 368 1004 Quod
380 948 454 991 suos
469 931 598 1008 quisque
613 947 720 990 seruos
739 931 772 988 io
791 929 846 992 tutt
864 948 900 989 re
911 930 1021 1008 fecere
1034 951 1087 994 oo·
1096 941 1130 998 at

74 1016 193 1077 luisset.
237 1013 302 1078 lloo
322 1032 358 1074 eo
377 1022 423 1073 est
437 1013 552 1088 utilius,
575 1012 653 1091 quod
668 1030 759 1091 saepe
776 1013 847 1072 nibil
864 1013 963 1092 placet
983 1025 1012 1075 et
1035 1017 1086 1077 ali·

74 1100 147 1178 quid
170 1099 321 1159 dicendum
349 1106 404 1157 est.
449 1096 612 1156 iutueamur
636 1113 708 1175 ergo
736 1098 846 1157 omnia:
875 1100 915 1158 ita
935 1101 1087 1178 apparebit

75 1191 127 1242 aut
143 1182 188 1258 id,
206 1183 283 1262 quod
300 1184 437 1262 optimum
453 1190 514 1256 est,
532 1190 579 1241 aut
594 1181 638 1256 id,
653 1181 732 1259 quod
746 1181 860 1241 minime
874 1181 989 1242 malum.
1016 1184 1086 1244 Pro-

77 1267 225 1344 positione
249 1266 404 1345 aliquando
425 1266 584 1326 adversarii
598 1265 735 1325 utendum
751 1273 781 1324 et
802 1283 870 1326 esso
885 1283 1086 1346 nonnunquam

74 1368 259 1410 communem
277 1369 357 1427 eam,
375 1367 428 1409 suo
446 1349 514 1410 loco
531 1349 708 1409 dictumest.

164 1434 261 1495 Multis
277 1435 391 1494 milibus
406 1451 542 1494 uersuum
558 1435 621 1492 scio
637 1433 712 1511 apud
731 1433 872 1512 quosdam
888 1452 956 1494 esse
972 1439 1087 1513 quaesi-

77 1529 159 1594 tum,
177 1519 324 1597 quomodo
336 1519 546 1592 inveniremus,
570 1526 633 1577 utra
648 1534 716 1595 pars
734 1516 858 1577 deberet
875 1519 956 1596 prior
970 1519 1085 1587 dicere;

76 1603 159 1683 quod
174 1604 202 1661 in
223 1602 290 1663 loro
305 1603 354 1663 vel
372 1603 525 1662 atrocitate
546 1601 734 1662 formularum
748 1601 798 1662 vel
814 1601 900 1661 modo
916 1604 1087 1681 petitionum

77 1687 128 1748 vel
142 1687 300 1746 novissime
316 1696 396 1747 sorte
412 1684 591 1745 diiudicatur.
636 1685 668 1745 ln
685 1685 787 1746 schola
804 1687 905 1765 quaeri
928 1687 998 1748 nibil
1024 1690 1087 1748 atti·
1095 1695 1130 1749 38

76 1780 146 1847 net,
179 1789 244 1830 cum
271 1771 300 1829 in
329 1769 587 1830 declamationibus
612 1769 714 1829 iisdem
740 1787 859 1830 narrare
887 1780 917 1830 et
943 1772 1086 1832 contradi·

75 1856 192 1916 ctiones
214 1855 332 1915 solvere
354 1864 411 1915 tam
434 1853 470 1914 ab
492 1863 593 1916 actore
617 1871 736 1930 quarna
761 1870 939 1936 possessore
963 1873 1085 1915 conces·

74 1941 208 1998 sumsit.
253 1939 312 1999 Sed
335 1940 364 1998 in
385 1938 515 2017 plurimis
540 1938 748 1997 controversiis
769 1955 806 1997 ne
828 1939 949 1997 inveniri
971 1940 1086 2016 quidem

76 2032 190 2102 potest:
211 2031 241 2082 ut
257 2025 286 2082 in
301 2022 368 2098 illa,
387 2020 447 2096 Qut
462 2030 525 2083 tres
538 2022 651 2083 liberor
665 2021 813 2097 babebat,
832 2029 1004 2099 oratorem,
1018 2025 1086 2102 pbi-

75 2107 248 2186 losopltum,
271 2109 440 2182 medicum,
473 2113 650 2167 testamento
674 2104 824 2185 quattuor,
839 2115 947 2185 portes
963 2108 1036 2186 fecit
1058 2118 1087 2169 et

75 2191 216 2270 riopuloo
229 2193 359 2269 rinpob'a
379 2193 481 2265 dedit,
507 2208 601 2252 runem
621 2191 688 2251 dos
708 2209 776 2251 esse
792 2192 902 2264 coluit,
929 2193 983 2270 poi
1006 2200 1087 2254 esset

76 2276 257 2337 utilissimos
278 2277 404 2337 eioitoti.
451 2272 648 2344 Contendunt;
672 2275 736 2352 quis
752 2275 861 2352 primus
877 2275 969 2352 dicat,
991 2277 1128 2337 incer-39

75 2368 136 2419 tum
155 2368 210 2434 est,
227 2361 390 2438 propositio
409 2368 505 2418 tamen
521 2363 611 2418 oe'rta.
657 2356 703 2418 nb
718 2375 755 2418 eo
773 2362 859 2435 enirn,
884 2362 965 2419 ouius
983 2378 1085 2438 perso-

76 2461 142 2503 nam
164 2442 322 2519 tuebimur,
345 2443 539 2522 incipiendum
562 2444 626 2501 erit.
671 2441 710 2502 llt
732 2443 806 2502 haec
824 2443 939 2521 quidem
962 2445 998 2503 de
1015 2444 1085 2505 divi-

74 2527 172 2588 dendo
185 2529 213 2587 in
228 2529 394 2588 universum
408 2529 541 2606 praecipi
557 2535 689 2604 possunt.

162 2610 201 2672 At
224 2614 369 2690 quomodo
395 2613 572 2671 inveniemus
594 2612 680 2670 etiam
703 2610 769 2670 illas
793 2611 971 2670 occultiores
998 2623 1130 2689 quae-ao

75 2692 211 2756 stiones?
230 2696 361 2772 scilicet,
379 2694 524 2774 quomodo
541 2696 715 2769 sententias,
737 2693 843 2770 verba,
862 2694 986 2772 figuras,
1004 2694 1085 2755 colo·
1142 2690 1145 2697 ’

76 2798 142 2840 res:
165 2781 301 2857 ingenio,
319 2798 404 2856 cura,
422 2780 643 2839 exercitatione.
687 2777 753 2838 Non
768 2788 863 2838 tamen
877 2779 942 2838 lere
962 2795 1085 2858 uuquam

75 2864 132 2924 nisi
148 2865 357 2942 imprudentem
372 2865 516 2942 fugerint,
534 2865 576 2938 si,
595 2873 625 2922 ut
640 2863 716 2938 dixi,
734 2872 863 2922 naturam
883 2865 967 2942 sequi
983 2862 1085 2923 ducem

75 2948 158 3008 velit.
203 2948 263 3008 Sed
279 2949 414 3026 plerique
436 2947 622 3024 eloquentiae
644 2947 749 3006 lamam
768 2947 939 3008 affectantes
958 2947 1128 3007 contentiil

76 3040 143 3092 sunt
160 3032 234 3092 locis
250 3035 394 3111 speciosis
409 3032 496 3093 modo
509 3031 559 3091 vel
575 3031 644 3091 nibil
660 3030 914 3109 adprobationem
932 3032 1083 3092 conferen-

75 3115 163 3176 tibus.
208 3116 282 3194 Alii,
308 3116 378 3176 nibil
400 3116 474 3177 ultra
497 3133 547 3190 ea,
574 3132 648 3192 quae
671 3116 699 3174 in
720 3115 823 3174 oculos
843 3116 1007 3192 incurrunt,
1034 3135 1084 3175 ex·

75 3201 263 3279 quirendum,
290 3209 399 3280 putant.
451 3198 536 3273 Quod
557 3217 615 3278 quo
638 3199 752 3259 lacilius
769 3208 927 3277 appareat:
949 3217 1033 3258 unam
1048 3198 1085 3259 de

75 3284 180 3346 schola
197 3286 443 3358 controversiam,
466 3301 524 3344 nou
547 3285 586 3343 ita
602 3301 672 3343 sane
690 3282 887 3343 difficillimam
907 3292 955 3342 aut
969 3300 1084 3359 novam,

75 3386 239 3449 proponam
259 3371 287 3427 in
313 3369 487 3446 exemplum.
547 3365 607 3441 Qut
632 3387 685 3428 reo
710 3369 894 3450 proditionis
915 3369 1001 3445 patri
1027 3376 1128 3428 coola

37 3523 39 3528 ,
74 3453 216 3538 affluerit,
239 3454 369 3516 ecberes
383 3455 431 3513 sit.
472 3450 659 3515 Proditionis
672 3453 837 3513 damnatus
852 3470 921 3512 eoru
936 3451 1087 3513 odoocoto
