2408 3854
338 211 428 260 ruso.
443 212 592 261 onsnon.
608 214 678 262 nne.
696 214 771 281 v111,
786 211 813 264 s.
1040 203 1081 266 59

76 367 230 429 contrariis
244 366 406 427 virtutibus.
450 365 523 427 Nam
544 368 665 446 primunr
680 377 782 445 acuto,
808 370 966 431 seeundum
980 370 1080 448 nitido,

75 453 192 513 tertium
214 451 353 529 copioso,
377 449 518 528 deinceps
544 451 643 528 hilari,
665 452 807 530 iucundo,
833 462 970 515 aeourato
987 454 1080 515 diver-

75 552 139 595 sum
156 544 211 594 est.
279 561 284 569 ·
838 538 841 548 '

161 618 284 678 Vitanda
306 628 335 678 et
359 617 526 696 μείωσις,
550 636 613 680 oum
633 621 759 679 sermoni
773 620 859 680 deest
877 621 1002 700 aliquid,
1023 634 1123 700 quoto

76 704 168 763 minus
184 701 289 780 plenus
307 704 358 771 sit;
375 718 538 782 quanquam
552 703 580 763 id
597 702 739 763 obscurae
752 705 849 782 potius
865 721 949 783 quam
966 707 1078 766 inorna-

75 795 124 847 tae
140 787 279 845 orationis
292 787 391 845 vitium
404 795 459 846 est.
487 785 546 847 Sed
564 786 621 846 hoe
638 803 766 867 quoque,
781 782 845 847 eum
860 805 876 847 a
892 787 1080 866 prudentibus

74 869 123 944 ot,
148 869 266 930 schemo
287 871 342 930 diei
364 869 456 946 solet,
478 871 553 929 sieut
569 872 809 951 ταυτολογία,
835 871 863 931 id
887 880 931 930 est
951 873 1079 934 eiusdem

74 951 158 1016 verbi
176 963 224 1014 aut
240 956 382 1014 sermonis
398 956 522 1013 iteratio.
563 952 643 1014 idaeo
658 956 748 1031 enim,
774 973 935 1035 quanquam
951 972 1008 1016 non
1021 969 1122 1022 ma-51

74 1056 210 1118 gnopere
232 1056 249 1099 a
270 1039 385 1098 summis
409 1036 575 1098 auctoribus
598 1039 702 1114 vitata,
730 1041 842 1099 interim
868 1041 966 1100 vitium
987 1040 1079 1100 uideri

76 1130 193 1203 potest,
210 1123 239 1181 in
255 1122 331 1201 quod
346 1139 437 1200 saepe
457 1120 556 1181 incidit
572 1123 657 1182 etiam
675 1119 780 1183 Cicero
799 1141 919 1183 securus
940 1133 997 1185 tam
1015 1142 1079 1202 par·

76 1223 131 1267 vae
147 1205 377 1267 observationis:
398 1207 472 1265 sieut
492 1204 550 1264 hoe
572 1205 656 1282 loeo,
679 1204 747 1268 Non
771 1208 867 1270 solum
886 1209 981 1286 ipitor
1000 1209 1081 1268 itted

73 1291 224 1355 iodicium
238 1291 348 1352 iudicii
363 1287 798 1370 simile,1udiees,ooosea't.
835 1289 952 1352 interim
971 1300 1078 1351 mutato
1136 1314 1139 1321 ¹

75 1377 192 1436 nomine
213 1367 398 1452 ἐπανάληψις
419 1373 538 1448 dieitur,
561 1382 647 1452 atque
669 1383 714 1434 est
738 1383 768 1435 et
790 1375 883 1454 ipsnm
905 1376 980 1435 inter
994 1374 1078 1435 sohe-

75 1467 166 1528 mata;
178 1476 298 1537 quorum
310 1457 504 1537 exemplaiilo
519 1458 586 1517 loco
595 1457 772 1537 quaerenda,
785 1475 842 1537 quo
851 1460 972 1518 virtutes
985 1468 1077 1519 erunt.

162 1542 249 1603 Peior
269 1542 325 1602 hae
349 1535 589 1620 ὁμοιολογία,
615 1559 689 1620 quae
710 1543 790 1603 nulla
811 1543 960 1602 varietatis
985 1545 1120 1620 gratiani

74 1626 156 1689 levat
173 1626 297 1687 taedium
323 1634 409 1704 atque
433 1634 478 1685 est
498 1634 558 1684 tota
576 1624 684 1685 eoloris
700 1627 798 1700 unius,
817 1630 872 1705 qna
890 1629 1012 1686 maxime
1028 1628 1077 1686 de-

72 1710 266 1791 prehenditur
281 1727 384 1769 oarens
400 1719 462 1769 arte
479 1711 620 1777 oratoria;
642 1727 736 1789 eaque
752 1718 781 1769 et
796 1712 825 1769 in
839 1712 988 1770 sententiis
1004 1719 1033 1768 et
1050 1712 1079 1769 io

73 1795 178 1874 figuris
195 1805 224 1855 et
239 1796 267 1854 in
289 1795 434 1873 positione
450 1792 538 1870 longe
554 1809 612 1852 non
626 1795 725 1853 animis
741 1793 835 1853 solum
858 1793 911 1853 sed
927 1795 1013 1853 etiarn
1029 1811 1078 1852 au·

77 1879 157 1940 ribus
174 1889 218 1939 est
241 1879 443 1956 ingratissima.
487 1876 610 1938 Vitanda
632 1877 879 1956 μακρολογία,
901 1876 929 1936 id
952 1885 996 1936 est
1017 1874 1121 1941 lon-53

76 1964 145 2042 gion
165 1981 250 2042 quam
276 1970 393 2041 oportet
413 1976 523 2020 sermo:
545 1970 576 2020 ut
589 1959 670 2040 apud
691 1959 725 2020 Τ.
747 1958 871 2035 Livium,
894 1957 1002 2039 Lepoti
1015 1978 1078 2021 ooo

74 2051 240 2128 impetrato
261 2064 344 2127 paee
364 2053 447 2107 retro
467 2046 602 2121 domum,
630 2046 713 2106 uode
731 2053 896 2120 verterant,
924 2044 1076 2106 adierunt.

75 2131 136 2193 Sed
157 2131 224 2193 huie
245 2132 340 2192 vicina
361 2127 541 2209 periphrasis
554 2130 644 2190 virtus
667 2126 798 2189 habetur.
830 2127 896 2188 dist
918 2136 946 2186 et
966 2133 1077 2189 eteo-

75 2207 216 2294 νασμὸς
238 2216 354 2291 vitium,
379 2231 444 2275 eum
469 2213 658 2292 supervacuis
677 2212 776 2272 verbis
805 2213 898 2272 oratio
924 2221 1075 2272 oneratur:

76 2297 143 2379 Epo
165 2299 261 2362 oeulis
284 2300 360 2360 meis
379 2299 468 2367 viem
491 2308 534 2358 set
555 2306 601 2356 est
623 2298 697 2356 enirn
717 2297 791 2359 etdt.
831 2295 1001 2356 Emendavit
1021 2295 1121 2360 hoedi

77 2385 164 2443 etiarn
186 2382 295 2444 urbane
315 2385 345 2442 in
365 2381 458 2443 Hirtio
484 2379 606 2456 Gieero,
627 2381 691 2459 qui,
714 2398 777 2441 eunt
799 2381 828 2440 in
843 2378 964 2440 Pansam
979 2378 1105 2439 decla-s

75 2485 156 2528 mans
178 2467 274 2545 fitium
295 2486 317 2528 o
336 2475 435 2527 matre
456 2467 562 2526 decem
578 2465 731 2527 mombar
751 2466 785 2525 tn
798 2472 885 2526 utero
899 2464 994 2525 lotum
1009 2481 1078 2525 esse

74 2551 207 2627 dixisset,
227 2549 330 2624 oete?
347 2551 446 2626 aliae,
460 2549 566 2627 inquit,
581 2549 614 2608 io
623 2549 740 2629 perroto
754 2548 851 2610 soleat
862 2547 969 2625 ferre?
998 2545 1076 2606 Non·

75 2652 218 2713 nunquam
239 2644 335 2695 tamen
358 2633 429 2694 illud
453 2651 562 2710 genus,
589 2633 670 2692 ouius'
697 2629 860 2709 exemplum
884 2630 984 2709 priore
1007 2629 1075 2689 loeo

75 2721 171 2797 posui,
190 2718 388 2778 affirmationis
403 2718 495 2795 gratia
511 2715 682 2776 adhibetur·

294 2837 336 2850 —-
356 2799 525 2879 Voeemque
545 2800 594 2861 itis
605 2800 735 2862 uomodo
752 2798 853 2860 doum.

75 2885 115 2946 At
132 2887 230 2946 vitium
246 2889 317 2960 erit,
340 2886 474 2964 quotiens
490 2885 614 2943 otiosum
632 2884 719 2942 fuerit
737 2891 766 2942 et
781 2881 926 2960 supererit
941 2897 998 2940 non
1014 2889 1118 2944 eumtd

75 2970 236 3030 adiicietur.
275 2969 328 3030 list
346 2970 445 3044 etiam,
469 2985 544 3046 quae
566 2965 760 3048 περιεργία
784 2975 921 3040 vocatur,
938 2981 1075 3044 superna·
1119 2974 1125 2995 ⁴

77 3070 142 3128 oua,
161 3062 191 3112 ut
207 3055 250 3113 sio
265 3053 397 3129 dixerim,
414 3055 596 3132 operositas,
621 3060 652 3112 nt
674 3069 691 3111 a
712 3050 843 3128 diligenti
864 3049 996 3111 curiosus
1014 3057 1045 3108 et
1060 3067 1076 3108 a

76 3137 221 3215 religione
240 3135 408 3216 superstitio
424 3137 520 3197 distat.
551 3138 660 3216 Atque,
675 3144 706 3195 ut
721 3135 813 3195 semel
825 3134 929 3210 finiam,
945 3132 994 3193 vel
1009 3149 1075 3192 ver·

75 3221 142 3281 bum
160 3238 262 3297 omne,
290 3222 368 3301 quod
383 3239 478 3300 neque
499 3220 679 3281 intellectum
694 3220 808 3280 adiuvat
823 3235 918 3297 neque
934 3224 1075 3292 ornatum,

73 3307 208 3366 vitiosum
226 3305 282 3366 diei
299 3315 406 3385 potest.
661 3296 664 3309 '

161 3381 392 3468 Κακόζρλον,
413 3389 442 3449 id
458 3398 503 3449 est
519 3389 594 3449 mala
609 3388 774 3463 affectatio,
792 3404 847 3466 per
862 3402 946 3445 omne
962 3379 1118 3447 dioendr'dd

75 3491 169 3553 genus
191 3482 304 3553 peooat.
348 3472 420 3532 Nam
442 3483 471 3533 et
491 3474 596 3534 tumida
619 3481 649 3532 et
671 3471 777 3551 pusilla
798 3479 828 3531 et
849 3466 1018 3547 praedulcia
1044 3473 1076 3530 st
