2408 3854
101 191 162 253 254
421 201 783 260 annumeremur

103 376 167 419 cum
182 356 401 417 Demosthenen
423 373 543 434 puerum
558 354 711 415 admodum
733 357 863 416 actiones
879 354 1042 433 pupillares
1057 355 1105 416 ba·

101 443 200 503 buisse
218 441 400 502 manifestum
420 439 474 513 sit,
496 436 621 515 Calvus,
647 435 774 515 Caesar,
799 439 893 498 Pollio
908 438 1026 498 multum
1041 449 1109 500 anta

104 527 298 605 quaestoriam
321 541 419 585 omnes
443 530 568 583 aetatem
590 523 759 600 gravissima
783 524 888 582 indicia
911 525 1107 601 susceperint,

103 617 304 690 praetextatos
328 609 426 686 egisse
442 607 581 685 quosdam
598 608 635 666 sit
655 606 805 683 traditum,
833 605 943 667 Caesar
957 606 1109 684 Augustus

75 693 257 756 tduodecim
273 701 356 752 natus
379 707 469 750 annos
493 693 585 752 aviam
600 707 654 769 pro
676 693 780 751 nonnis
801 691 972 751 laudaverit.
1003 689 1109 753 diodus

101 777 169 838 mibi
182 778 297 838 videtur
313 775 427 854 quidam
441 775 594 850 tenendus,
611 782 641 834 ut
655 793 752 853 neque
764 791 968 854 praepropere
984 775 1108 836 destrin-

101 870 185 940 gatur
202 862 349 920 immatura
365 858 446 918 lrons
465 867 511 934 et,
536 857 674 938 quidquid
692 867 736 918 εει
751 859 823 919 illud
841 858 934 919 adbuc
958 859 1107 937 acerbum,

102 945 283 1024 proferatur;
299 961 364 1003 nam
378 943 444 1004 inde
457 951 487 1003 et
502 950 684 1021 contemptus
697 945 798 1022 operis
810 945 984 1020 innascitur,
1002 952 1031 1003 et
1045 944 1108 1002 iun·

103 1030 234 1090 damenta
249 1029 391 1089 iaciuntur
406 1027 618 1107 impudentiae,
639 1034 684 1102 et,
704 1027 782 1105 quod
800 1037 845 1086 εει
860 1026 1025 1106 ubicunque
1041 1045 1109 1106 per·

74 1113 341 1187 tuicionissimum,
365 1112 517 1191 praevenit
531 1112 610 1170 vires
627 1110 741 1171 fiducia.
771 1109 835 1171 Nec
850 1128 949 1171 rursus
972 1111 1108 1171 differen-

102 1197 168 1257 dum
185 1204 230 1256 est
243 1196 405 1257 tirocinium
420 1197 449 1255 in
464 1202 659 1263 senectutem
677 1213 742 1255 nam
755 1195 863 1255 cotidie
878 1204 971 1254 metus
988 1198 1108 1272 crescit,

102 1282 251 1359 maiusque
268 1280 298 1340 lit
314 1297 447 1358 semper,
470 1278 547 1357 quod
563 1279 659 1339 ausuri
674 1296 787 1355 sumus,
813 1288 856 1355 et,
880 1279 946 1339 dum
962 1279 1108 1340 delibera·

101 1382 175 1440 mua,
194 1363 309 1444 quando
323 1362 517 1441 incipiendum
532 1363 579 1438 sit,
598 1363 729 1441 incipere
745 1364 802 1424 iam
818 1376 913 1423 serum
930 1372 984 1423 est.
1008 1358 1109 1438 Quare

101 1449 224 1508 fructum
253 1447 412 1508 studiorum
433 1446 555 1507 viridem
580 1454 609 1505 et
636 1446 730 1507 adbuc
751 1447 866 1508 dulcem
894 1448 988 1526 promi
1009 1447 1108 1524 decet,

103 1533 169 1592 dum
193 1539 222 1590 et
243 1533 329 1590 venia
358 1538 387 1590 et
409 1548 479 1610 spes
502 1539 548 1590 est
568 1539 598 1590 et
623 1539 741 1609 paratus
763 1531 848 1592 lavor
869 1540 898 1590 ει
919 1531 1029 1592 audere
1051 1544 1109 1591 non

104 1615 245 1683 dedecet;
270 1624 314 1690 et,
337 1616 361 1673 si
378 1614 446 1693 quid
462 1614 539 1675 desit
555 1616 655 1692 operi,
681 1615 798 1694 supplet
815 1624 915 1692 aetas,
942 1624 987 1691 et,
1011 1617 1109 1695 siqua

74 1703 169 1758 dsunt
191 1698 268 1758 dicta
289 1698 473 1775 iuveniliter,
497 1714 551 1778 pro
574 1698 672 1758 indole
695 1700 891 1777 accipiuntur:
913 1708 944 1758 ut
957 1707 1035 1759 totus
1056 1699 1109 1759 ille

104 1780 257 1843 Ciceronis
271 1800 325 1861 pro
341 1781 551 1843 Sextolioscio
567 1782 665 1843 locus:
683 1780 766 1855 octo
780 1785 859 1867 enim
874 1791 938 1844 tom
952 1800 1110 1846 commune

104 1882 196 1944 quom
216 1869 345 1946 spiritns
364 1867 457 1940 ainis,
486 1874 572 1928 terro
593 1868 737 1942 mortuis,
768 1886 857 1930 more
876 1864 1108 1945 fluctuantibus,

102 1952 174 2012 litua
195 1952 321 2013 elsatia?
351 1949 433 2023 Quae
456 1968 520 2011 cunr
537 1968 590 2010 sex
612 1960 641 2010 et
656 1951 757 2028 viginti
773 1960 856 2012 natus
878 1968 969 2011 annos
990 1953 1109 2011 summis

104 2033 277 2095 audientium
298 2033 475 2094 clamoribus
498 2035 617 2094 dixerit.
645 2034 809 2095 defervisse
825 2045 959 2115 tempore
974 2044 1004 2095 et
1026 2036 1108 2095 annis

103 2116 229 2197 liquata,
254 2119 309 2178 iam
332 2119 433 2178 senior
450 2118 528 2178 idem
550 2118 665 2178 latetur.
696 2117 733 2178 Et
756 2119 878 2180 hercule
900 2119 1109 2199 quantumlibet

104 2211 219 2263 secreta
242 2203 335 2262 studia
362 2202 550 2262 contulerint:
580 2210 741 2262 esttamen
763 2204 900 2283 proprius
916 2204 1031 2283 quidam
1052 2203 1110 2263 lori

105 2284 270 2363 proiectus,
289 2286 346 2345 alia
363 2286 429 2364 lux,
452 2286 507 2347 alia
523 2287 585 2346 veri
602 2286 774 2347 discriminis
789 2287 897 2357 lacies;
923 2287 1066 2367 plusque,
1085 2288 1110 2346 si

105 2385 244 2446 separes,
266 2389 336 2430 usus
352 2373 414 2430 sine
433 2371 564 2432 doctrina
584 2387 668 2449 qnam
687 2372 758 2432 citra
774 2390 856 2432 usum
872 2372 1003 2433 doctrina
1017 2371 1107 2432 valet.

78 2449 236 2531 tldeoque
251 2455 379 2516 nonnulli
396 2473 484 2515 senes
499 2455 527 2514 ln
542 2453 645 2515 sobola
660 2454 731 2515 lacti
746 2465 862 2534 stupent
877 2443 1022 2531 devitate,
1046 2473 1110 2516 cum

106 2536 134 2595 in
157 2536 262 2598 iudicia
286 2549 445 2615 venerunt,
475 2547 504 2598 et
525 2540 620 2600 omnia
642 2541 702 2599 suis
725 2539 983 2600 exercitationibus
1005 2539 1110 2599 similia

106 2620 282 2681 desiderant.
315 2621 353 2681 At
374 2623 434 2683 illic
456 2631 485 2682 et
505 2622 593 2683 index
615 2631 693 2684 tacet
715 2632 745 2683 et
765 2624 950 2684 adversarius
965 2621 1111 2700 obstrepit

107 2712 136 2762 et
152 2703 221 2764 nihil
236 2714 348 2766 temere
364 2706 470 2766 dictum
485 2707 580 2784 perit,
597 2716 641 2782 et,
658 2708 683 2766 si
700 2707 768 2786 quid
784 2707 836 2768 tibi
852 2725 964 2782 sumas,
982 2705 1109 2786 proban·
1149 2725 1153 2737 ·

107 2787 172 2848 dum
188 2797 244 2865 est,
262 2799 292 2849 et
306 2789 466 2851 laboratam
482 2799 711 2870 congestamque
728 2792 839 2852 dierum
855 2809 890 2852 ac
905 2792 1032 2850 noctium
1051 2798 1109 2850 stu·

108 2870 155 2931 dio
177 2874 320 2934 actionem
342 2891 417 2952 aqua
437 2874 553 2950 delicit,
582 2883 611 2934 ει
632 2876 741 2935 omisso
763 2893 867 2953 magna
887 2892 1006 2953 semper
1023 2874 1111 2934 llandi

106 2963 218 3017 tumore
234 2957 262 3017 in
280 2955 450 3038 quibusdam
466 2959 561 3018 causis
579 2958 754 3039 loquendum
773 2968 832 3027 est;
855 2961 933 3038 quod
949 2958 991 3019 illi
1006 2958 1110 3037 diserti

79 3041 220 3101 tminime
238 3042 340 3102 sciunt.
371 3040 471 3121 ltaque
488 3042 642 3103 nonnullos
660 3045 808 3122 reperias,
832 3044 881 3122 qui
897 3042 952 3102 sibi
968 3042 1110 3121 eloquen-

106 3126 198 3185 tiores
208 3125 371 3201 videantur‚
388 3142 472 3204 qnam
488 3134 517 3185 ut
530 3143 633 3186 causas
645 3137 739 3204 agant.
768 3125 904 3186 Ceterum
916 3126 1005 3201 illum,
1024 3142 1111 3205 quem

107 3209 241 3269 iuvenem
260 3211 430 3289 tenerisque
447 3209 540 3270 adbuc
555 3209 664 3270 viribus
681 3212 820 3271 nitentem
836 3212 864 3270 in
879 3210 972 3271 lorum
988 3210 1109 3270 deduxi·

107 3312 184 3369 mus,
203 3300 232 3352 et
248 3292 379 3372 incipere
395 3311 479 3372 quam
496 3293 619 3352 maxime
638 3293 718 3353 lucili
735 3313 769 3354 ac
785 3293 939 3353 favorabili
955 3311 1044 3354 causa
1059 3312 1111 3352 ve·

107 3378 172 3454 lim,
197 3377 324 3438 ferarum
345 3386 375 3436 ut
397 3377 482 3437 catuli
504 3376 640 3437 molliore
659 3378 768 3457 praeda
793 3379 974 3456 saginantur,
1002 3387 1032 3437 et
1051 3394 1111 3437 non

106 3463 206 3540 ntique
233 3460 269 3522 ab
296 3461 354 3521 lroc
379 3461 461 3522 initio
488 3461 656 3521 continuare
684 3478 804 3540 operam
824 3471 854 3522 et
876 3462 993 3540 ingenio
1016 3462 1112 3521 adhuc

85 3620 139 3632 ..da—
