2408 3854
351 179 822 252 rnsu.ounron.n1n.x11‚1r.
992 174 1076 236 -277

78 346 177 404 simum
193 343 294 403 studiis
311 341 419 418 dicam,
443 342 511 421 quid
526 342 627 401 attinet
643 349 700 402 tam
715 340 811 401 multis
828 343 924 418 annis,
949 359 1033 421 quam
1047 344 1076 402 in

77 445 157 487 more
173 436 219 486 est
232 425 420 504 plurimorum
436 427 482 503 (ut
497 424 534 484 de
549 424 605 501 his,
622 442 638 484 a
654 425 757 503 quibus
772 443 875 502 magne
892 425 921 484 in
935 426 992 485 hoc
1006 443 1075 505 pars

75 512 180 571 aetatis
195 509 368 584 absumitur5
388 509 516 588 taceam)
534 508 721 568 declamitare
743 510 771 567 in
792 509 894 569 schola
917 518 948 568 et
969 518 1075 569 tuntum

77 594 186 655 laboris
200 595 229 652 in
243 592 331 653 rebus
349 591 431 652 falsis
447 608 634 667 consumere,
658 610 722 652 cnm
736 595 806 652 satis
822 594 858 652 sit
872 591 988 653 modico
1003 601 1075 653 tem·

77 696 150 757 pore
166 679 319 754 imaginem
333 676 398 735 reri
413 675 582 735 discriminis
598 683 628 734 et
643 675 757 736 dicendi
772 675 857 754 leges
874 673 1075 755 comperisse?

76 762 162 836 Quod
177 779 233 821 non
255 761 338 835 dico,
362 759 429 838 quia
449 760 486 818 sit
506 775 629 836 unquam
653 759 807 820 omittenda
824 759 939 820 dicendi
961 761 1117 831 exerui-15

76 847 164 920 tatio,
186 844 239 904 sed
261 845 327 923 quia
350 860 408 903 non
426 843 454 901 iu
477 859 531 902 una
547 842 585 901 sit
601 842 663 902 eius
679 843 780 922 specie
796 843 1073 904 consenescendum.

76 927 268 1006 Cognoscere
291 935 321 987 et
337 935 497 1005 praecepta
522 924 638 986 vivendi
662 926 832 1006 perdiscere
849 937 878 988 et
893 928 921 986 in
938 927 1005 987 iore
1020 944 1075 988 nos

76 1012 205 1092 experiri
227 1012 387 1091 potuimus,
415 1009 480 1070 dum
503 1007 671 1070 scholastici
685 1017 799 1069 'snmus
835 1009 976 1072 Discendi
1001 1013 1074 1072 ratio

77 1097 156 1173 talis,
173 1105 204 1156 nt
218 1114 276 1156 non
290 1095 396 1155 multos
413 1106 503 1154 annos
519 1101 631 1172 poscat.
661 1092 815 1167 Quaelibet
834 1096 909 1155 enim
924 1113 962 1155 ex
979 1096 1014 1154 iis
1030 1113 1074 1156 or·

77 1179 167 1256 tibus,
190 1198 308 1259 quarum
331 1178 418 1239 hebui
441 1179 630 1253 mentionem,
654 1178 683 1235 in
706 1194 816 1256 paucos
837 1177 930 1239 libros
945 1178 1076 1240 contrahi

76 1264 167 1332 solet;
191 1264 265 1324 adeo
284 1281 343 1323 uon
359 1271 404 1323 est
420 1262 529 1322 infinito
547 1262 643 1340 spatio
658 1278 693 1321 ac
709 1261 861 1322 traditione
878 1279 963 1342 opus.
996 1262 1075 1323 Reli-

76 1365 132 1426 que
148 1357 202 1421 est,
220 1365 294 1426 quae
309 1346 389 1407 vires
405 1347 462 1406 cito
478 1337 564 1422 iacit',
582 1363 646 1405 cum
662 1344 742 1422 iecit,
759 1355 864 1423 tuetur,
882 1346 1073 1407 consuetudo.

77 1431 182 1490 ilerum
203 1431 330 1507 cognitio
357 1428 463 1501 cotidie
489 1430 611 1506 crescit,
641 1438 671 1489 et
697 1437 792 1490 tamen
817 1446 902 1510 ιιιιιιιιι
924 1430 1117 1493 multorumll

76 1515 111 1574 ad
139 1531 202 1573 eam
224 1513 362 1572 librorum
387 1516 556 1575 necessaria
582 1513 672 1573 lectio
692 1523 753 1590 est,
782 1513 885 1593 quibus
911 1523 959 1575 aut
978 1532 1075 1575 rernm

76 1596 210 1676 exempla
236 1595 272 1656 ab
296 1596 443 1657 historicis
466 1605 513 1656 aut
534 1595 648 1658 dicendi
674 1597 709 1657 ab
735 1597 900 1659 oratoribus
920 1596 1075 1678 petuntur?

75 1679 316 1758 Philosophorum
328 1697 446 1759 qnoque
457 1680 713 1759 consultorumque
728 1683 891 1761 opiniones,
908 1683 993 1742 sicuti
1009 1681 1074 1758 alia,

76 1764 196 1825 velimus
213 1764 409 1841 legerense,
426 1763 503 1842 quod
519 1763 634 1844 quidem
648 1772 758 1842 potest,
775 1766 878 1829 omnia.
909 1765 968 1825 Sed
984 1764 1075 1825 breve

75 1847 159 1907 nobis
177 1857 290 1926 tempus
307 1865 361 1908 nos
382 1848 512 1908 iacimus.
550 1846 722 1920 Quantulum
743 1850 817 1909 enim
833 1848 934 1909 studiis
950 1849 1075 1927 imparti-
1086 1858 1118 1912 18

76 1929 158 1991 mnrl
189 1930 272 1993 Alias
290 1933 377 1992 horas
394 1949 485 1992 uanus
500 1931 641 1992 salutandi
657 1931 752 2008 labor,
771 1932 843 1992 alius
858 1933 955 1993 datum
969 1930 1074 1992 fabulis

75 2015 179 2092 otium,
204 2014 275 2076 alias
298 2015 483 2094 spectacula,
510 2014 581 2075 alias
600 2015 732 2076 convivia
746 2015 868 2077 trahunt.
906 2015 1009 2076 hdiice
1032 2023 1076 2074 tot

74 2116 184 2178 genere
199 2097 316 2160 ludendi
333 2109 362 2161 et
378 2101 506 2160 insanam
521 2099 654 2178 corporis
671 2117 783 2169 curam:
800 2099 893 2160 trahat
909 2099 1074 2179 indepere-

74 2185 214 2260 grinatio‚
230 2201 312 2260 rura,
334 2184 510 2245 calculorum
526 2185 630 2245 anxiae
646 2184 867 2260 sollicitudines,
883 2184 991 2244 multae
1008 2200 1074 2243 ceu·

74 2285 124 2328 sae
145 2266 291 2327 libidinum
313 2276 342 2327 et
364 2269 460 2328 vinum
481 2276 510 2328 et
531 2266 691 2345 flagitiosus
714 2269 789 2329 omni
809 2286 921 2346 genere
942 2267 1074 2346 uolupta-

74 2353 270 2418 temnimus:
294 2370 331 2411 ne
352 2370 388 2412 ea
403 2351 516 2431 quidem
531 2360 661 2431 tempora
677 2352 798 2429 idonea,
817 2370 891 2432 qnae
908 2360 1073 2431 supersunt.

75 2433 156 2508 Quae
173 2436 197 2494 si
214 2435 307 2496 omniu
324 2436 424 2496 studiis
442 2437 690 2515 impenderentur:
714 2437 770 2496 iam
784 2435 870 2495 nobis
888 2436 936 2496 lon
991 2441 1117 2497 aetus19

75 2528 104 2579 et
128 2517 241 2579 abunde
263 2521 334 2580 satis
359 2520 396 2581 ad
418 2519 586 2580 discendum
600 2522 701 2599 spatia
723 2519 891 2580 viderentur
910 2531 946 2578 ve
975 2518 1075 2578 diurna

74 2612 181 2663 tantum
196 2603 429 2683 computantibus
444 2612 588 2682 tempora:
605 2613 634 2664 nt
649 2603 718 2664 nihil
734 2612 848 2679 noctes,
864 2619 983 2681 quarum
997 2601 1075 2663 bona

74 2705 143 2765 pars
158 2688 234 2747 omni
250 2704 352 2748 somno
370 2687 486 2765 longior
501 2695 559 2763 est,.
571 2688 748 2748 adiuvarent.
778 2686 861 2747 Nunc
877 2693 1075 2765 computamus

75 2787 182 2847 annos,
200 2789 259 2831 nou
274 2771 378 2851 quibus
394 2770 550 2831 studuimus
566 2771 618 2832 sed
634 2771 738 2851 quibus
753 2771 886 2831 uiximus.
920 2768 983 2830 Nec
1000 2778 1115 2833 rerotu

75 2856 99 2913 si
114 2863 284 2932 geometrae
301 2865 331 2917 et
343 2855 520 2934 grammatici
536 2863 756 2934 ceterarumque
770 2855 872 2917 artium
887 2854 1075 2934 professores

75 2955 188 2999 omnem
204 2957 284 3000 auam
298 2941 403 3014 vitam,
427 2937 585 3017 quamlibet
606 2937 693 3017 longa
708 2938 810 3016 luerit,
829 2939 857 2999 in
873 2937 993 3018 singulis
1008 2939 1075 2999 arti·

75 3022 128 3082 bus
156 3031 410 3101 consumpserunt,
440 3023 571 3102 sequitur
595 3030 626 3082 ιι
652 3022 752 3101 plures
777 3023 915 3105 quasdam
940 3024 1015 3084 vitas
1037 3021 1076 3083 ad

75 3105 157 3183 plura
173 3106 311 3168 discenda
327 3107 537 3168 desideremus.
563 3105 667 3186 Neque
684 3108 758 3166 enim
773 3107 815 3168 illi
829 3108 990 3170 didicerunt
1000 3105 1077 3166 haec

75 3207 167 3268 nsque
191 3191 220 3249 in
235 3199 416 3251 senectutem
437 3190 490 3251 sed
514 3208 550 3251 ea
573 3190 636 3251 solu
652 3191 789 3252 didicisse
812 3191 939 3252 contenti
959 3190 1076 3250 luerunt

74 3291 110 3331 ac
126 3282 168 3332 tot
183 3291 274 3334 annos
289 3276 318 3334 in
335 3275 442 3336 utendo
459 3292 516 3334 non
534 3276 562 3334 in
577 3275 771 3355 percipiendo
790 3276 996 3335 exhauserunt.
1091 3304 1094 3309 ·

160 3354 307 3433 Ceterum,
322 3367 353 3418 ut
368 3358 404 3419 de
417 3358 544 3418 Homero
557 3357 681 3435 taceam,
698 3359 726 3418 in
742 3374 799 3438 quo
814 3357 919 3417 nullius
934 3374 992 3417 nou
1006 3355 1118 3421 arum

74 3449 122 3498 aut
139 3457 230 3519 opera
246 3441 380 3521 perlecta
395 3451 443 3502 aut
467 3451 549 3502 certe
565 3459 621 3502 non
637 3440 722 3502 dubia
737 3442 861 3519 uestigia
877 3441 1086 3518 repertum„

1039 3714 1082 3746 A
