2408 3854
136 194 176 258 58
445 209 481 256 u.
500 208 579 255 nnn.
598 207 818 266 ouruurmnur

132 382 185 425 ves
198 362 248 422 vel
273 372 356 441 aptas
376 361 558 440 opinionibus
582 361 726 421 bominum
750 380 785 422 ac
809 361 1037 423 moribundis
1061 366 1139 428 eninr

132 447 222 508 salvis
238 446 307 511 licet
323 462 531 521 assumerem,
548 445 651 523 quibus
669 445 811 504 illustrem
826 446 889 505 lieri
906 448 1069 508 orationem
1083 467 1137 528 pu-

133 541 191 607 tat,
208 530 339 604 delecta,
357 528 513 604 translata,
533 529 690 607 superlata,
709 528 864 588 adnomen
879 529 1023 607 adiuncta,
1041 530 1136 612 dupli·

133 617 223 676 ciaet
237 612 314 673 idem
331 613 538 690 significantia,
556 611 616 672 ab
607 630 671 692 rpsa
687 614 801 672 actione
819 622 907 693 atquo
922 612 958 672 ab
975 616 1137 677 imitatione

131 716 227 760 rerum
242 714 300 756 non
317 694 510 756 abhorrentia.

89 794 124 847 44
215 780 274 842 Sed
296 780 430 859 quoniam
447 781 516 840 vitia
537 781 617 857 prius
640 781 840 841 demonstrare
864 783 1000 858 aggressi
1022 800 1135 861 sumus,

132 867 180 926 vel
194 865 251 925 boo
267 865 365 924 vitium
381 866 427 940 sit,
445 863 523 942 quud
540 861 790 942 sosinosiros
810 874 949 924 vocatur:
971 866 1035 926 aive
1056 866 1134 927 mala

134 948 341 1011 consuetudine
362 949 390 1007 in
417 947 574 1008 obscenum
602 947 780 1008 intellectum
806 965 902 1008 sermo
923 948 1055 1010 detortus
1076 961 1134 1026 est,

133 1035 179 1111 (ut
194 1034 324 1095 ductore
339 1034 493 1093 exereitus
510 1041 539 1091 et
551 1041 683 1110 putrore
697 1032 792 1106 bello,
814 1032 890 1111 apud
909 1032 1076 1094 Sallustium
1091 1033 1135 1095 di·

132 1126 178 1178 cta
199 1125 299 1178 sancte
323 1124 353 1175 et
378 1116 512 1196 antique,
536 1115 710 1191 ridentibus,
732 1117 756 1175 si
771 1115 814 1175 dis
832 1115 947 1194 placet;
970 1134 1056 1195 quam
1071 1117 1134 1179 cnl-

89 1212 196 1280 45pam
217 1216 274 1259 non
296 1199 480 1261 scribentium
506 1199 621 1278 quidem
642 1199 738 1259 iudico
759 1198 812 1258 sed
835 1200 1009 1276 legentiumc
1035 1210 1134 1263 tamen

131 1284 256 1361 vitanda,
275 1293 416 1363 quatenus
431 1282 521 1353 verba
534 1282 657 1343 honesta
672 1282 800 1343 moribus
814 1283 1007 1361 perdidimus,
1026 1293 1056 1345 et
1070 1287 1132 1346 vin·

132 1368 263 1429 centibus
284 1369 370 1428 etiam
388 1367 465 1426 vitiis
489 1367 649 1427 cedendum
672 1368 739 1446 est)
761 1367 823 1426 sive
843 1368 973 1428 iumctura
995 1366 1133 1457 deiorpni·

129 1463 175 1512 ter
190 1460 285 1528 sonat,
300 1460 341 1527 ut,
357 1451 382 1510 si
398 1470 466 1512 enm
481 1450 649 1512 bominibus
662 1452 741 1512 notis
753 1451 836 1529 loqui
850 1467 904 1510 nos
922 1451 1059 1529 dicimus,
1076 1454 1133 1513 n'nd

130 1536 187 1595 boc
204 1538 298 1614 ipsum
317 1535 487 1596 bominibus
500 1535 623 1594 medium
639 1535 692 1610 sit,
713 1536 742 1593 in
762 1534 918 1613 pmeiandn
938 1535 1069 1597 videmur
1088 1538 1132 1597 in·

132 1619 246 1687 cidere;
275 1619 341 1696 quia
366 1618 464 1678 ultima
483 1620 588 1697 prioris
620 1617 753 1693 syllabae
773 1617 886 1694 littera,
909 1637 984 1698 quae
1007 1621 1132 1699 exprimi

132 1705 186 1762 nisi
203 1701 292 1764 labris
308 1701 478 1762 coeuntibus
496 1719 553 1762 non
567 1711 680 1781 potest,
703 1711 751 1762 aut
771 1702 953 1763 intersistere
973 1720 1028 1763 nos
1049 1703 1132 1764 inde·

133 1787 299 1846 centissime
319 1787 399 1863 cogit
423 1794 471 1845 aut
494 1789 658 1846 continuata
679 1804 743 1845 cum
768 1788 938 1865 insequente
956 1789 985 1846 in
1000 1796 1132 1848 naturam

86 1872 191 1934 locius
209 1871 410 1948 corrumpitur.
446 1869 590 1949 Aliaeque
611 1871 829 1930 coniunctiones
852 1870 959 1948 aliquid
974 1871 1068 1931 simile
1087 1871 1130 1933 fa·

130 1955 217 2029 ciunt,
234 1972 306 2032 quus
323 1955 461 2032 persequi
476 1953 593 2031 longum
610 1962 672 2029 est,
688 1954 717 2012 in
734 1969 770 2013 eo
785 1955 873 2030 vitio,
892 1953 969 2032 quod
984 1955 1132 2023 uitandum

130 2039 260 2136 dicimus,
277 2046 499 2097 commorantes.
531 2037 589 2098 Sed
601 2037 704 2097 divisio
720 2055 837 2117 quoque
853 2038 936 2098 adcrt
952 2038 1073 2098 eundem
1086 2040 1130 2098 in·

130 2124 229 2181 iuriam
250 2120 369 2200 pudori,
398 2129 428 2179 ut
452 2122 482 2179 si
508 2122 751 2201 intercapedinis
772 2122 946 2182 nominativo
973 2139 1043 2183 casu
1065 2122 1130 2200 quis

85 2213 232 2285 ltutatur
264 2202 327 2263 lieo
350 2205 460 2282 scripto
477 2203 563 2264 modo
578 2204 607 2264 id
620 2205 741 2280 accidit,
765 2205 818 2266 sad
833 2207 918 2265 etiam
933 2223 1023 2266 sensu
1039 2204 1130 2284 pleri·

129 2305 185 2366 que
204 2287 333 2348 obscene
347 2286 528 2364 intelligere,
547 2289 601 2347 uisi
619 2289 748 2365 caveris,
771 2291 887 2368 cupiunt
905 2289 951 2368 (ιιι
968 2287 1044 2368 apud
1060 2287 1130 2349 0vi·

129 2373 204 2431 dium
231 2369 377 2448 Quaeque
399 2371 493 2433 intent
519 2373 645 2435 meliora
663 2373 774 2454 potat)
797 2381 827 2432 et
848 2391 885 2432 ex
907 2372 1021 2449 verbis,
1048 2390 1130 2450 quae

128 2455 297 2530 longissime
318 2453 353 2513 ab
381 2454 562 2516 obscenitate
585 2456 703 2533 absunt,
731 2458 918 2517 occasionem
944 2454 1129 2534 turpitudinis

127 2555 242 2618 rapere.
273 2537 420 2633 Siquidem
436 2536 541 2599 Celsus
561 2538 751 2619 κακέμῳατον
765 2540 841 2620 apud
855 2538 1016 2617 Vergilium
1027 2547 1128 2618 putat.

359 2610 539 2702 incipiunt
552 2626 670 2703 opilata
685 2633 865 2689 tumescere.

129 2706 253 2779 Quod
228 2726 253 2766 sr
269 2708 409 2786 recipias:
424 2707 495 2768 nibil
511 2707 592 2786 loqui
608 2717 698 2768 tutum
713 2717 768 2768 est.

84 2799 120 2854 te
213 2789 396 2851 Deformitati
411 2793 572 2870 proximum
588 2801 633 2851 est
654 2791 875 2851 humilitatis
895 2792 1010 2865 vitium,
1028 2795 1129 2850 ταπεί-

122 2891 219 2934 ινωσιν
240 2883 361 2950 vocant,
384 2891 441 2952 qua
459 2876 502 2933 rei
521 2875 686 2953 magnitudo
707 2876 756 2936 vel
781 2875 905 2952 dignitas
926 2875 1075 2934 minuitur:
1096 2882 1129 2934 ut

127 2955 235 3019 Sumen
254 2967 299 3019 est
319 2975 453 3019 certeco
468 2960 500 3018 in
526 2977 642 3023 summo
662 2962 771 3021 montio
789 2960 913 3021 uertice.
949 2955 1002 3017 Oui
1025 2966 1129 3018 natura

128 3043 301 3101 contrarium
320 3040 373 3100 sed
394 3058 496 3102 errore
516 3060 569 3120 par
590 3052 651 3117 est,
674 3045 771 3120 paruis
786 3042 856 3102 dare
874 3041 1048 3103 excedentia
1064 3057 1127 3101 mo·

128 3124 193 3183 dum
208 3127 337 3200 nomina,
361 3126 415 3184 nisi
433 3143 497 3185 cnm
514 3144 552 3186 cx
568 3124 706 3186 industria
720 3128 795 3185 risus
810 3126 877 3186 inde
893 3133 1034 3204 captatur.
1068 3123 1127 3186 lta·

127 3227 183 3286 que
206 3226 261 3267 nec
283 3209 454 3286 parricidam
473 3225 604 3288 neqnom
626 3209 734 3270 dixeris
755 3209 898 3270 hominem
920 3226 976 3268 nec
997 3208 1127 3269 deditum

115 3291 202 3368 ,forte
219 3293 365 3352 meretrici
384 3295 556 3373 nefnre‘um
580 3293 657 3371 qnod
678 3293 800 3353 alterurn
819 3312 919 3372 parum
941 3291 1064 3354 alterum
1083 3292 1126 3352 ni·

85 3376 210 3438 49mium
228 3385 282 3435 est.
314 3375 437 3436 Proinde
454 3376 594 3455 quaedum
610 3376 719 3452 hebes,
735 3376 871 3453 sordida,
893 3379 1005 3452 ieiuna,
1021 3375 1125 3451 tristis,

127 3459 249 3536 ingrata,
265 3460 331 3520 vilis
348 3463 441 3520 oratio
460 3470 514 3520 est.
550 3459 632 3534 Quae
647 3462 715 3521 vitia
731 3460 870 3521 facillime
887 3461 956 3520 liunt
970 3458 1128 3520 manifesta
