2408 3854
360 182 448 230 mss.
463 181 611 230 onxnon.
625 183 745 247 urmx,
760 183 782 233 1.
1021 176 1079 237 155

76 338 123 417 qai
134 338 190 398 sint
203 336 247 397 luis
258 335 403 410 simillimi,
421 334 549 396 iudicare
557 357 564 405 ;
581 354 617 396 ne
630 337 780 416 quisquam
792 348 938 417 queratur,
954 343 1080 404 omissos

75 422 161 497 torte,
180 437 253 499 quos
269 420 333 498 ipse
347 418 432 479 valde
449 418 563 497 probet.
599 418 707 480 Fateor
728 423 802 480 enim
818 422 919 501 plures
936 424 1079 502 legendos

74 523 142 565 esse
158 523 242 583 quam
259 505 306 582 qui
325 521 341 563 a
357 520 403 562 me
419 504 646 564 nominabuntur.

157 589 217 650 Sed
233 593 434 663 monogenem
450 587 514 664 ipsa
535 587 707 664 lectionum,
731 606 805 668 quae
828 593 986 671 praecipue
1010 612 1078 654 oon·

72 673 173 733 venire
191 669 414 745 intendentibus,
431 678 462 729 ut
473 679 607 731 oratores
623 671 699 748 liant,
715 673 886 750 existimem,
905 694 1077 757 persequor.

156 755 261 834 Igitur,
286 763 317 814 ut
337 754 444 814 Aratus
468 756 508 816 ab
525 753 598 816 loce
616 756 824 834 incipiendum
845 768 941 836 putat,
962 762 1001 822 ita
1026 773 1120 828 nosti

73 841 127 901 rite
140 840 272 919 coepturi
284 838 320 898 ab
337 837 493 898 Homero
512 839 649 899 videmur.
676 838 730 899 llio
742 842 826 916 enirn,
840 842 1079 920 quemadmodum

72 943 113 988 ca>
136 922 260 986 Oceano
280 922 350 982 dicit
371 923 435 1000 ipse
458 924 592 984 amnium
609 922 797 1002 sontiumque
824 945 937 988 cursus
961 929 1079 992 initium

72 1025 202 1087 capere,
225 1006 356 1067 omnibns
382 1005 568 1085 eloquentiae
597 1006 727 1084 partibus
749 1009 915 1087 exemplum
936 1020 965 1070 et
986 1023 1079 1073 ortum

72 1092 159 1153 dedit.
196 1090 279 1151 llunc
301 1107 385 1150 nemo
408 1089 436 1149 in
458 1092 569 1168 magnis
596 1090 684 1150 rebus
710 1090 902 1168 sublimitate,
923 1096 952 1154 in
980 1098 1078 1173 parvis

72 1177 253 1255 proprietate
268 1176 461 1253 superaverit.
493 1172 573 1235 ldem
587 1175 681 1235 laetus
696 1193 732 1236 ao
746 1193 877 1254 presens,
893 1178 1032 1240 iucundus
1048 1189 1079 1240 et

71 1261 180 1338 gravis,
199 1268 257 1319 tum
273 1259 359 1336 copia
374 1267 432 1318 tum
447 1257 590 1320 brevitate
605 1258 760 1336 mirabilis,
784 1278 840 1322 uec
856 1262 973 1340 poetica
990 1263 1077 1325 modo

71 1343 124 1404 sed
147 1343 275 1405 oratoria
301 1343 407 1403 virtute
436 1343 685 1403 eminentissimus.
723 1341 795 1404 Nam
822 1353 853 1403 ut
876 1344 912 1405 de
934 1344 1076 1423 laudibus,
1085 1356 1118 1411 st

73 1425 339 1501 exhortationibus,
367 1426 614 1487 consolationibus
636 1437 764 1489 taceam:
796 1445 891 1488 nonne
913 1428 963 1489 vel
985 1447 1076 1490 nouus

72 1511 157 1588 liber,
174 1528 231 1590 quo
249 1512 336 1570 missa
351 1509 387 1570 ad
402 1509 547 1571 Achillem
562 1511 672 1589 legatio
689 1514 861 1589 continetur,
877 1512 926 1573 vel
941 1513 970 1573 in
983 1515 1076 1593 primo

72 1597 147 1656 inter
168 1595 257 1655 duces
281 1594 331 1655 illa
354 1596 500 1654 contentio
523 1595 572 1655 vel
597 1595 693 1656 dictae
713 1598 742 1656 iu
763 1595 892 1657 secundo
915 1599 1076 1658 sententiae

71 1697 172 1740 ornnes
190 1678 280 1739 litium
296 1696 331 1738 ac
348 1678 535 1738 consiliorum
557 1679 705 1758 explicant
726 1675 826 1741 artes?
861 1679 992 1740 Affectus
1014 1683 1118 1760 quite

70 1764 136 1824 dem
150 1762 200 1823 vel
219 1762 286 1823 illos
302 1762 385 1822 mites
399 1762 448 1822 vel
464 1760 519 1822 lros
541 1764 720 1839 concitatos,
744 1779 829 1823 nemo
851 1765 907 1823 erit
923 1773 981 1824 tam
995 1765 1075 1825 iudo·

71 1857 145 1924 otus,
161 1848 210 1926 qui
226 1863 283 1906 uon
299 1847 326 1905 in
346 1864 398 1906 sua
416 1854 563 1923 potestate
580 1845 655 1907 huno
670 1855 819 1908 auctorem
834 1845 970 1907 habuisse
985 1847 1074 1908 latea-

70 1941 124 1992 tur.
156 1931 222 2009 Age
238 1947 321 2005 vero,
337 1947 394 1990 nou
405 1931 555 2007 utriusque
572 1933 671 2010 operis
687 1931 836 2008 ingressus
852 1932 880 1990 iu
895 1932 1075 2008 paucissimis

69 2015 203 2076 versibus
228 2015 325 2093 legem
346 2015 561 2092 prooemiorum
582 2031 639 2074 non
661 2015 727 2075 dico
748 2016 875 2075 servarit
895 2013 947 2075 sed
969 2017 1075 2076 cousti-

70 2095 142 2160 tuit?
174 2098 246 2160 Nam
263 2097 437 2159 benevolum
457 2097 616 2160 auditorem
636 2099 821 2160 invocatione
842 2099 977 2175 dearum,
1003 2116 1075 2178 quas

70 2183 240 2262 praesidere
254 2183 369 2244 vatibus
385 2182 526 2243 creditum
542 2192 602 2259 est,
620 2191 649 2242 et
664 2184 801 2243 intentum
814 2184 966 2263 proposita
981 2200 1076 2243 rerum

71 2268 265 2345 magnitudine
282 2276 310 2328 et
327 2266 453 2328 docilem
476 2285 584 2328 summa
608 2266 746 2328 celeriter
768 2266 979 2346 comprehensa
995 2266 1073 2328 iacit.

69 2351 195 2412 Narrare
210 2368 282 2413 vero
298 2353 362 2431 quis
382 2351 499 2411 brevius
515 2369 600 2431 qusm
617 2352 665 2432 qui
680 2360 803 2412 mortem
817 2353 927 2412 nuntiat
937 2350 1075 2427 Patrocli,
1082 2354 1118 2412 49

70 2439 133 2514 quis
157 2435 366 2512 significantius
388 2444 485 2514 potest
507 2453 592 2513 quam
620 2437 669 2514 qui
690 2433 825 2496 Curetum
845 2434 1075 2512 Aetolorumque

69 2518 211 2598 proelium
228 2514 370 2598 exponit?
400 2517 690 2592 Iamsimilitudines,
707 2518 958 2596 amplificationes,
977 2535 1075 2577 exem·

69 2602 128 2681 pla,
148 2601 310 2678 digressus,
327 2604 410 2678 signa
425 2620 519 2662 rernm
536 2611 566 2662 et
576 2610 744 2678 argumenta
762 2609 919 2678 ceteraque
935 2599 1076 2678 probandi

68 2705 104 2745 ac
125 2683 270 2744 refutandi
286 2693 352 2744 sunt
368 2685 407 2746 ita
426 2684 529 2760 multa,
550 2694 581 2744 ut
601 2686 687 2745 etiam
704 2685 753 2762 qui
771 2684 808 2744 de
824 2683 932 2743 artibus
949 2684 1076 2762 scripse·

68 2777 133 2830 runt
149 2768 264 2847 plurimi
285 2767 384 2828 irarum
406 2785 502 2829 rerum
524 2768 717 2828 testimoninm
734 2767 770 2827 ab
788 2765 846 2827 lroc
863 2776 951 2845 poeta
966 2775 1074 2846 petant.

68 2853 140 2913 Nam
158 2851 294 2931 epilogus
310 2851 425 2932 quidem
441 2852 506 2930 quis
520 2867 644 2930 unquam
658 2853 767 2928 poterit
783 2850 841 2912 illis
856 2851 958 2912 Priami
973 2857 1118 2929 rogan-do

69 2939 105 2996 tis
121 2936 268 2998 Achillem
283 2935 421 3015 precibus
439 2931 579 3014 aequari?
617 2933 716 3009 Quid?
730 2936 760 2996 in
773 2934 890 3011 verbis,
913 2936 1075 3011 sententiis,

70 3021 187 3098 liguris,
210 3021 404 3100 dispositione
419 3021 508 3080 totius
531 3020 631 3098 operis
654 3036 749 3082 nonne
764 3019 877 3081 humani
893 3021 1000 3098 ingenii
1014 3036 1075 3080 mo·

69 3104 134 3163 dum
157 3102 295 3165 excedit?
317 3113 348 3164 ut
373 3106 469 3182 magui
495 3106 532 3164 sit
556 3105 677 3165 virtutes
704 3105 766 3165 eius
791 3120 849 3165 non
871 3105 1075 3179 aemulatione,

69 3187 147 3266 qnod
164 3187 226 3247 lieri
241 3205 298 3249 uon
315 3198 423 3267 potest,
441 3187 494 3249 sed
508 3187 658 3249 intellectu
674 3190 768 3267 sequi.
797 3187 905 3250 Verum
916 3188 963 3249 liic
974 3204 1074 3247 omnes
1083 3197 1117 3251 51

69 3273 132 3331 sine
146 3271 233 3331 dubio
250 3281 279 3332 et
293 3275 321 3332 in
337 3274 413 3332 omni
430 3290 541 3351 genere
556 3271 741 3352 eloquentiae
754 3272 856 3351 procul
873 3289 933 3333 ase
948 3270 1075 3348 reliquit,

70 3357 173 3434 epicos
191 3365 286 3416 tamen
304 3357 480 3436 praecipue,
499 3356 638 3418 videlicet
655 3359 722 3435 quia
738 3356 899 3417 clarissima
913 3357 942 3415 in
957 3354 1076 3414 materia

69 3439 154 3500 simili
170 3441 348 3520 comparatio
365 3449 419 3502 est.
453 3440 532 3503 Raro
548 3441 674 3519 assurgit
695 3439 901 3516 Hesiodus,
914 3446 1134 3513 magunum,
