2408 3854
139 173 199 236 218
258 166 260 169 ’
364 168 368 177 ’
460 183 822 244 rr.nnn.oursn1n1au1

139 359 240 402 cursus
258 341 317 400 oris
333 348 363 400 et
379 357 443 399 cum
458 338 556 398 verbis
574 339 633 397 suis
650 336 827 398 colluctatio.
851 336 910 396 lam
924 339 1030 399 tussire
1047 347 1076 398 et
1092 359 1144 400 cx·

138 442 229 504 puero
248 422 354 484 crebro
370 432 400 483 et
414 421 451 483 alt
469 424 525 481 imo
542 421 677 499 pulmone
693 420 822 498 pituitam
839 419 978 480 trochleis
994 422 1142 484 adducere

139 518 168 568 et
186 509 246 568 oris
262 507 383 567 humore
404 506 553 584 proximos
568 521 709 583 spargere
726 512 757 562 et
771 504 909 564 maiorem
924 513 1036 582 partem
1057 509 1142 584 spiri·

137 601 183 651 tus
205 591 233 650 in
249 590 396 668 loquendo
411 607 466 668 per
480 607 567 648 nares
584 586 750 662 effundere,
773 587 955 647 etiamsinon
977 590 1074 668 utique
1090 607 1142 650 vo·

138 677 181 734 cis
196 683 261 734 sunt
278 675 355 748 vitia,
374 675 439 751 quia
449 681 545 732 tamen
556 681 678 750 propter
688 687 793 730 vocem
805 671 947 748 accidunt,
963 672 1143 751 potissimum

94 758 203 818 tihuic
225 757 294 818 ioco
309 755 503 817 subiiciuntnr.
536 755 595 815 Sed
613 754 805 835 quodcunque
822 772 860 814 ex
874 754 920 814 his
934 757 1034 815 vitium
1048 759 1142 835 magis
1167 750 1173 763 '

136 841 248 900 tulerim
272 858 372 919 qnam,
403 856 460 918 quo
477 856 552 898 nunc
572 839 694 900 maxime
714 837 862 898 laboratur
884 840 914 897 in
933 840 1028 900 causis
1052 843 1141 899 omni·

136 924 190 983 bus
208 924 394 1002 scholisque,
417 921 565 998 cantandi,
588 921 666 1002 quod
682 921 807 982 inutilius
828 923 916 981 sitan
936 922 1067 998 foedius,
1090 942 1140 983 ne·

136 1007 208 1066 scio.
241 1004 317 1079 Quid
334 1007 409 1065 enim
423 1008 513 1065 minus
528 1007 636 1066 oratori
654 1006 788 1065 convenit
803 1022 887 1084 qnam
901 1005 1058 1067 modulatio
1075 1025 1141 1067 sce·
1156 1042 1158 1046 >

134 1091 198 1149 nica
227 1099 256 1148 et
284 1106 485 1169 nonnunquam
514 1089 658 1150 ebriorum
684 1097 731 1149 aut
758 1089 970 1151 comissantium
1003 1090 1140 1151 licentiae

92 1170 257 1232 sammitis?
295 1172 371 1246 Quid
397 1190 469 1233 vcro
493 1173 643 1233 mouendis
672 1171 825 1233 affectibus
848 1175 1021 1234 contrarium
1047 1174 1139 1252 magis

134 1273 234 1335 quam,
253 1256 505 1332 condolendum,
524 1255 964 1333 irascendum‚·iudignandum,
987 1260 1140 1317 commise-

132 1340 250 1400 randum
266 1342 319 1415 sit,
335 1357 393 1399 non
409 1340 502 1399 solum
519 1339 555 1400 alt
573 1338 618 1399 his
633 1338 802 1414 affectibus,
824 1341 852 1398 in
870 1358 944 1419 quos
959 1340 1140 1401 inducendus

133 1431 177 1483 cst
192 1423 295 1498 iudex,
317 1420 462 1483 recedere
478 1423 532 1482 scd
547 1424 639 1500 ipsam
654 1423 710 1483 fosi
725 1423 906 1484 sanctitatem
920 1424 1052 1485 ludorum
1067 1424 1138 1485 tala-

131 1506 203 1563 rinm
218 1505 335 1566 licentia
355 1502 495 1566 solvere?
529 1504 602 1567 Nam
617 1504 724 1567 Gicero
738 1507 807 1569 illos
821 1525 861 1569 cc
879 1506 975 1585 Lycio
993 1515 1022 1569 st
1040 1504 1139 1570 Caria

131 1589 272 1650 rhetoras
292 1607 394 1668 pocae
418 1596 547 1652 coctura
566 1592 599 1650 iss
621 1590 748 1670 cpilcpis
764 1590 846 1650 dixit.
883 1589 946 1651 Nos
964 1592 1048 1651 etiam
1071 1608 1138 1651 can·

87 1679 122 1734 95
131 1671 208 1732 tandi
220 1673 400 1733 severiorem
412 1672 500 1750 paulo
512 1673 627 1734 modum
639 1675 829 1733 excessimus.
858 1672 1065 1754 Quisquamne,
1080 1691 1139 1734 non

131 1756 197 1815 dico
218 1755 255 1815 de
277 1756 448 1831 homicidio,
472 1757 655 1834 sacrilegio,
678 1756 852 1834 parricidio,
877 1757 930 1818 sed
953 1757 990 1818 de
1015 1756 1137 1817 calculis

119 1847 212 1979 *erte
228 1848 315 1918 atque
331 1839 507 1915 rationibus,
531 1841 682 1918 quisquam
700 1839 843 1918 denique,
865 1849 895 1900 ut
916 1840 1009 1901 semel
1029 1841 1135 1915 liniam,

172 1921 223 1981 litc
239 1921 355 1984 cantat?
377 1922 502 1997 Quodsi
520 1925 633 1983 omnino
649 1923 850 2001 recipiendum
868 1933 928 1984 est:
945 1924 1016 1985 nihil
1029 1941 1136 1984 causae

129 2013 183 2080 est,
201 2008 253 2065 cu‘r
267 2023 325 2066 nou
340 2006 418 2067 illam
435 2007 517 2066 vocis
530 2006 875 2070 modulationemlidihus
892 2025 926 2067 ac
942 2007 1030 2083 tibiis,
1049 2009 1134 2067 immo

127 2087 265 2164 hercule,
282 2090 360 2167 quod
377 2099 422 2150 est
437 2089 504 2151 huic
519 2090 693 2151 deformitati
709 2091 840 2170 propius,
863 2089 1002 2166 cymbalis
1017 2090 1135 2151 adiuve-

84 2174 197 2229 60mns.
221 2169 353 2232 Facimus
370 2182 466 2233 tamen
481 2172 538 2234 hoc
555 2174 698 2242 libentem
715 2191 780 2234 nam
791 2192 847 2233 nec
864 2175 996 2254 cuiqnam
1011 2183 1076 2235 sunt
1092 2175 1134 2233 in·

126 2255 259 2329 iucunda,
278 2272 353 2334 quae
370 2265 483 2317 cantant
498 2258 570 2335 ipsi,
588 2266 617 2318 et
632 2256 742 2318 laboris
756 2258 786 2316 in
800 2257 858 2317 ho'c
874 2274 958 2335 quam
974 2258 1004 2316 in
1019 2257 1133 2335 agendo

125 2337 217 2396 minus
240 2347 294 2397 est.
332 2338 403 2399 Sunt
422 2349 452 2399 et
473 2341 603 2419 quidam,
631 2341 680 2419 qui
705 2340 861 2401 secundnm
888 2341 944 2402 alia
967 2342 1044 2401 vitae
1064 2342 1133 2403 vitia

125 2420 211 2480 etiam
231 2419 286 2482 hac
307 2422 414 2501 ubique
436 2425 584 2500 audiendi,
613 2424 691 2502 qnod
711 2442 797 2484 aures
819 2425 960 2500 mulceat,
982 2424 1133 2503 voluptate

125 2503 272 2565 ducantur.
307 2505 382 2579 Qnid
404 2502 499 2584 ergo?
527 2524 585 2567 non
607 2516 636 2567 ct
651 2504 758 2567 Giccro
780 2508 849 2568 dicit
871 2525 939 2567 esse
963 2506 1088 2587 aliquem
1104 2508 1133 2567 in

8 2620 17 2641 .
124 2589 255 2649 oratione
271 2598 395 2652 cautum
415 2592 646 2653 obscuriorem?
677 2599 705 2650 ct
722 2590 780 2651 hoc
797 2591 922 2670 quodam
938 2590 1060 2652 naturali
1080 2592 1119 2650 ini

123 2672 163 2729 tio
185 2669 284 2732 venit?
313 2670 469 2734 Ostendam
490 2690 547 2733 non
571 2672 659 2735 multo
683 2683 766 2752 post,
790 2674 840 2735 uhi
856 2683 1041 2754 etquatenus
1056 2675 1132 2735 reci·

122 2754 247 2829 piendus
262 2756 298 2814 sit
314 2755 362 2816 hic
378 2757 472 2817 flexus
495 2765 525 2816 et
546 2767 646 2818 cantus
667 2757 782 2836 quidem
803 2758 873 2834 scd,
897 2756 974 2836 quod
997 2757 1131 2837 plerique

121 2836 288 2914 intelligere
305 2839 420 2916 nolunt,
439 2839 647 2900 ohscurior.

79 2927 112 2980 ot
204 2919 263 2980 lam
279 2924 355 2981 enim
369 2932 483 3001 tempus
499 2932 544 2985 cst
564 2925 693 3001 dicendi,
716 2942 790 3003 quae
809 2926 846 2984 sit
862 2934 949 3004 apta
964 2926 1129 3003 pronuntia·

121 3003 170 3061 tic.
208 3001 290 3075 Quae
312 3015 393 3065 certe
419 3023 454 3068 ea
476 3016 537 3083 est,
560 3024 635 3086 qnae
656 3009 708 3083 iis,
733 3009 770 3069 dc
792 3007 895 3087 quihus
917 3007 1053 3084 dicimus,
1081 3026 1129 3069 ac·

122 3086 328 3146 commodatur.
360 3087 445 3161 Quod
468 3091 584 3169 quidem
606 3091 729 3153 maxima
747 3109 787 3151 ex·
807 3101 890 3170 parto
908 3100 1057 3169 praestant
1072 3093 1130 3171 ipsi

120 3177 213 3228 motus
228 3170 401 3248 animorum,
420 3182 563 3252 sonatque
578 3189 655 3248 vox,
672 3182 702 3233 ut
717 3173 834 3242 feritur;
856 3175 910 3234 scd
926 3175 1063 3235 cum'sint
1081 3175 1130 3236 alii

118 3253 182 3310 veri
197 3251 337 3330 allectus,
365 3256 413 3317 alii
434 3255 493 3315 licti
511 3265 540 3315 et
554 3255 669 3316 imitati:
698 3258 762 3317 veri
779 3257 948 3318 naturaliter
964 3268 1127 3337 erumpunt,

118 3343 148 3393 ut
172 3335 345 3414 dolentium,
369 3340 571 3414 irascentium,
602 3339 822 3417 indignantium,
857 3341 910 3401 sed
937 3351 1038 3402 carent
1064 3352 1128 3402 arte

75 3417 243 3496 otiosoque
267 3430 330 3480 sunt
351 3420 504 3498 disciplina
526 3430 555 3481 et
570 3423 681 3483 ratione
696 3423 850 3484 formandi.
882 3420 990 3485 Gontra
1012 3427 1060 3504 qui
1083 3425 1126 3486 el·

112 3604 227 3632 ⁴·-
263 3614 265 3619 ·
