2408 3854
141 197 182 261 28
285 242 290 249 -
475 210 834 268 murcomannum

140 366 264 426 luterum
290 367 352 426 luit.
402 363 474 424 Nam
499 367 528 424 in
550 365 766 443 comparatione
788 364 928 424 malorum
956 363 1024 423 boni
1049 364 1146 425 locum

141 449 251 509 obtinet
266 449 376 510 levius:
399 458 430 507 ut
446 449 471 507 si
486 446 635 508 Mancinus
650 448 754 508 loedus
769 446 969 507 Numantinum
985 449 1028 506 sic
1043 447 1145 508 delen·

79 562 84 575 ‹
140 533 205 607 dat,
229 533 306 610 quod
328 534 489 611 periturus,
512 532 566 591 nisi
589 530 617 590 id
638 530 744 591 lactum
767 539 862 607 esset,
884 531 971 590 luerit
986 533 1144 591 exercitus.

140 615 203 676 Hoc
226 635 319 694 genus
342 607 507 686 ἀντίστασις
525 612 637 674 Graece
657 617 832 690 nominatur,
855 616 1145 693 comparativum

140 702 232 759 nostri
246 708 363 759 vocant.
1138 765 1140 769 ,

99 797 133 851 13
224 782 304 842 llaec
317 784 394 842 circa
409 781 608 841 defensionem
624 781 692 842 lacti
701 804 708 850 ;
729 798 803 859 quae
819 784 843 840 si
856 798 951 859 neque
964 799 1018 860 per
1032 799 1067 841 ae
1082 782 1146 860 ipsa

139 884 195 926 nec
213 866 346 926 adhibitis
361 865 475 924 auxiliis
486 863 613 924 dabitur:
629 868 790 943 proximum
804 874 865 939 est,
883 866 911 922 in
926 865 1012 925 aliurn
1026 873 1145 924 trans·

140 950 154 1010 l
159 966 243 1009 erre
267 951 419 1023 crimen,
443 950 469 1007 si
490 964 654 1025 possumus.
699 947 830 1026 ldeoque
850 948 1071 1024 eliminium,
1097 951 1145 1027 qui

139 1034 195 1093 iam
211 1033 312 1111 scripti
328 1040 410 1107 sunt,
427 1039 517 1090 status
532 1032 595 1092 visa
611 1041 656 1090 est
672 1032 779 1092 cadere
796 1031 956 1092 translatio.
1000 1030 1146 1092 Interdum
1180 1075 1182 1080 .

141 1133 213 1193 crgo
235 1116 321 1193 culpa
338 1117 367 1175 in
385 1115 528 1174 hominem
550 1114 715 1191 relegatur:
736 1124 767 1176 nt
788 1117 812 1175 si
827 1114 975 1176 Gracchus
994 1133 1062 1175 reus
1081 1115 1145 1175 loc·

141 1200 218 1258 deris
234 1198 411 1275 Numantini,
430 1199 516 1257 cuius
530 1208 607 1258 metu
631 1198 715 1274 leges
732 1198 890 1278 populares
914 1199 1017 1259 tulisse
1040 1201 1069 1259 in
1095 1201 1145 1258 tri·

99 1282 245 1347 libunatu
267 1283 396 1356 videtur,
418 1284 536 1341 missum
558 1300 591 1341 se
614 1281 649 1342 ab
671 1284 846 1360 imperatore
861 1299 914 1342 suo
936 1283 1058 1343 diceret.
1100 1281 1144 1342 ln·

140 1367 223 1425 terim
245 1365 391 1427 derivatur
412 1367 440 1423 in
457 1383 534 1425 rem:
554 1374 587 1424 ut
603 1367 628 1425 si
643 1367 685 1442 is,
706 1368 754 1446 qui
771 1374 944 1427 testamento
959 1367 1028 1445 quid
1047 1366 1145 1426 iussus

139 1467 197 1509 non
213 1449 334 1524 lecerit,
356 1448 449 1524 dicat,
466 1448 618 1527 perleges
634 1449 662 1509 id
681 1449 743 1509 lieri
760 1467 817 1509 non
832 1450 973 1528 potuisse.
1017 1449 1083 1509 lloc
1096 1469 1144 1528 με·

140 1526 280 1592 caldecota
294 1531 402 1593 dicunt.

223 1615 296 1676 lliuc
320 1633 436 1695 quoquc
458 1615 586 1676 exclusis
613 1617 817 1675 excusatio
844 1626 988 1695 superest.
1033 1614 1077 1677 Ee
1099 1625 1145 1677 cst

140 1709 187 1760 aut
203 1700 399 1776 ignorantiae:
417 1708 447 1759 ut
462 1701 487 1758 si
506 1700 569 1777 quis
585 1699 706 1776 fugitivo
726 1699 860 1776 stigmata
874 1701 1026 1779 scripserit
1047 1716 1145 1778 eoque

139 1785 265 1860 ingenuo
282 1783 409 1844 iudicato
424 1792 532 1860 neget,
548 1800 581 1842 se
599 1781 720 1842 liberum
736 1800 803 1841 esse
821 1784 928 1851 scisse;
954 1791 1001 1845 aut
1013 1784 1144 1843 necessi·

139 1868 221 1927 tatis:
245 1877 275 1926 ut
292 1885 356 1927 cum
370 1867 453 1927 miles
470 1866 505 1926 ad
522 1874 697 1926 commeatus
713 1864 788 1926 diem
809 1884 867 1926 non
883 1867 963 1927 affuit
982 1876 1011 1926 et
1025 1866 1096 1926 dicit
1110 1884 1145 1926 sa

97 1960 129 2012 15
139 1950 299 2010 dominibus
314 1950 501 2011 interclusum
517 1959 565 2010 aut
575 1949 749 2010 valetudine.
782 1948 907 2010 Fortuna
920 1967 1037 2029 quoque
1051 1968 1145 2028 saepe

139 2033 321 2094 substituitur
337 2033 451 2111 culpae.
488 2032 696 2112 Nonnunquam
711 2033 785 2093 male
801 2034 910 2093 iecisse
927 2052 981 2094 nos
996 2035 1049 2095 scd
1064 2033 1144 2094 bono

140 2118 233 2177 animo
257 2117 387 2177 dicimus.
432 2115 589 2194 Utriusque
610 2117 652 2175 rei
673 2115 759 2176 multa
781 2125 810 2175 et
830 2119 981 2179 manifesta
1009 2117 1144 2196 exempla

140 2209 214 2258 sunt.
260 2199 374 2262 Idcirco
393 2209 511 2260 nonest
529 2217 628 2259 corum
644 2201 811 2260 necessaria
827 2203 983 2280 expositio.

222 2284 253 2343 Si
271 2284 382 2357 omnia,
406 2301 479 2360 quae
495 2301 581 2361 supra
598 2284 706 2362 scripta
721 2293 800 2360 sunt,
824 2284 960 2345 deerunt:
976 2283 1143 2359 videndum,

139 2384 174 2426 an
189 2367 296 2425 minui
314 2366 423 2444 culpa
441 2367 544 2445 possit.
587 2365 641 2426 Hic
656 2376 700 2426 est
715 2367 782 2443 ille,
799 2370 847 2447 qui
864 2387 879 2429 a
896 2368 1065 2447 quibusdam
1079 2367 1144 2427 lieri

99 2448 234 2525 16solet,
263 2457 354 2509 status
379 2450 552 2527 quantitatis.
597 2449 656 2511 Sed
680 2469 715 2512 ea
740 2469 804 2512 cum
831 2453 867 2512 sit
890 2460 937 2513 aut
957 2468 1072 2530 poenae
1094 2458 1144 2511 ant

138 2533 272 2609 honoris,
296 2551 333 2592 cx
350 2533 489 2612 qualitate
505 2532 575 2594 lacti
593 2535 790 2612 constituitur,
806 2552 901 2614 eoque
915 2535 999 2599 nobis
1016 2533 1070 2594 suh
1085 2533 1144 2594 lroc

139 2635 206 2676 csse
222 2626 298 2677 statu
313 2617 427 2676 videtur
439 2617 514 2676 sicut
528 2618 590 2677 eius
606 2635 739 2697 quoque,
757 2636 832 2696 quae
843 2618 878 2680 ad
890 2637 1038 2687 numerum
1048 2617 1143 2688 relerf

138 2710 183 2759 tur
205 2699 368 2762 aGraecis.
407 2698 479 2760 Nam
501 2711 530 2761 et
549 2695 727 2779 πηλικότητσ
746 2711 775 2761 ct
795 2696 941 2781 ποσότητα
955 2702 1068 2777 dicunt,
1088 2717 1144 2760 nos

138 2792 289 2861 utrumque
306 2782 503 2862 appellatione
518 2801 573 2844 una
591 2784 818 2862 complectimur.

97 2867 129 2923 17
220 2867 326 2927 Ultima
344 2876 389 2926 est
412 2867 647 2945 deprecatio,
672 2869 750 2946 qnod
770 2886 862 2945 gertus
886 2886 992 2942 causac
1007 2868 1143 2949 plerique

137 2959 278 3026 negarunt
299 2951 327 3009 in
348 2951 482 3011 iudicium
501 2969 625 3029 unquam
648 2953 758 3012 venire.
803 2952 880 3026 Quin
896 2951 1001 3017 Cicero
1024 2968 1144 3030 quoque

137 3050 191 3110 pro
204 3033 239 3107 Q.
252 3033 368 3111 Ligario
383 3034 458 3094 idern
473 3036 573 3094 testari
588 3034 718 3110 videtur,
735 3054 799 3096 cum
814 3035 898 3110 dicit,
917 3034 1047 3112 Gnaeos,
1062 3033 1144 3097 Cae·

135 3134 207 3191 scr,
234 3120 282 3195 epi
303 3119 415 3179 multus
436 3126 465 3179 ct
490 3119 612 3195 quidem
634 3127 748 3195 tecum,
766 3122 839 3181 dum
862 3127 890 3180 te
908 3121 941 3180 io
958 3121 1027 3198 foro
1048 3120 1146 3180 tacuit

30 3247 34 3253 .
136 3202 217 3262 rotie
241 3201 388 3262 donorum
411 3210 550 3269 tuorem
570 3210 654 3263 certe
671 3219 828 3280 nunqnam
844 3203 901 3264 ltoc
918 3203 1025 3279 modo,
1048 3200 1143 3282 Iqao·

136 3285 228 3359 scite,
255 3285 389 3356 lodices,
419 3286 552 3359 erravit,
576 3285 684 3363 lapsus
709 3296 771 3360 cat,
793 3306 854 3348 uon
871 3288 1006 3365 paldolt,
1032 3288 1062 3348 στ’
1087 3304 1144 3347 on·

98 3374 228 3444 tequam
240 3369 388 3446 posticae,
407 3375 435 3427 et
451 3377 559 3428 cetera.
603 3367 636 3428 ln
650 3369 757 3430 Senatu
772 3386 843 3429 vero
864 3378 893 3429 et
909 3369 984 3447 apud
1002 3369 1144 3448 populum

138 3461 167 3511 et
185 3450 259 3531 apud
275 3451 437 3528 Principem
458 3460 487 3510 et
502 3451 684 3530 ubieunque,
708 3454 733 3512 si
752 3454 821 3512 iuris
838 3452 990 3512 clementia
1008 3461 1070 3531 est,
1092 3453 1144 3514 lra-

72 3526 246 3636 Λ.
