2408 3854
136 213 194 274 rto
464 225 499 271 ιι.
513 221 824 304 uno.oumr1nrnn·1

92 388 314 481 posueruut,
333 377 455 438 Rutilius
477 377 591 455 quidem
607 377 727 454 Lupus
720 395 747 435 ιιι
765 385 889 456 utroque
905 397 1033 457 genere
1057 358 1150 460 idque

135 455 291 524 ἆντίθετον
304 471 400 522 vocat.

77 553 129 607 toa
221 545 343 607 Praeter
355 545 407 605 illa
422 562 510 619 vero,
532 563 607 623 quae
625 543 730 605 Cicero
751 546 826 604 inter
842 545 946 607 lumina
963 547 1061 626 posuit
1074 567 1148 609 sen·

137 633 304 706 tertiarum,
327 629 414 689 multa
435 628 490 688 alia
509 637 538 687 et
554 627 630 688 idem
645 627 769 688 Rutilius
786 628 913 707 Gorgian
929 640 1063 707 secutus,
1086 650 1146 692 uon

134 715 216 775 illum
231 714 399 774 Leontinum
415 712 466 772 sed
482 712 566 772 alium
578 714 622 772 sui
634 714 790 791 temporis,
808 716 888 773 cuius
901 724 1037 792 quattuor
1052 715 1146 777 libros

135 801 265 859 inunum
290 815 371 858 suum
391 796 550 871 transtulit
577 805 605 855 et
621 793 744 873 Celsus,
765 797 904 857 videlicet
926 797 1034 859 Rutilio
1058 817 1145 860 acce·

77 884 223 958 totiens,
242 891 402 961 posuerunt
418 880 579 941 schemata:
597 877 895 957 Consummationem,
913 900 997 961 quam
1014 882 1146 945 Graecus

136 960 283 1046 διαμάχην
298 975 401 1041 vocat,
419 984 482 1026 cum
498 964 582 1044 plura
600 974 771 1064 argumenta
783 964 819 1025 ad
833 984 917 1025 unum
940 967 1074 1027 ellectum
1095 969 1145 1029 de-

136 1050 291 1120 ducuntur;
320 1048 528 1129 Consequens
551 1048 602 1109 ille
624 1042 879 1128 ἐπακολούθησιν,
901 1050 938 1110 de
960 1069 1017 1129 quo
1038 1068 1092 1111 nos
1117 1054 1146 1112 in

135 1137 311 1234 argumentis
329 1134 465 1200 diximus;
496 1130 726 1208 Collectionem,
750 1136 798 1211 qui
819 1134 895 1213 apud
910 1134 990 1194 illum
1011 1145 1057 1195 est
1077 1140 1145 1196 oul-

135 1213 285 1316 λογισμός
302 1218 412 1294 Minas,
425 1211 708 1296 ἰάαιιικατνὶττληξιν
728 1215 967 1278 Exhortationem
976 1238 1143 1299 ,παραινε

133 1297 223 1364 τικόν.
265 1303 394 1377 Quorum
414 1301 484 1362 nihil
500 1317 563 1360 non
584 1311 696 1362 rectum
717 1310 779 1378 est,
802 1302 857 1360 nisi
879 1319 943 1362 cum
964 1301 1089 1382 aliquam
1107 1320 1149 1363 ex

76 1387 195 1462 lotlris,
214 1387 251 1447 tle
267 1386 371 1464 quibus
386 1386 477 1446 locuti
495 1403 592 1445 sumus
599 1385 747 1471 ,liguram
765 1386 880 1464 accipit.
927 1385 1048 1446 Praeter
1068 1382 1148 1448 haec

134 1470 240 1530 Celsus
257 1470 434 1546 excludere,
451 1487 641 1550 asseverare,
662 1468 844 1545 detrectare,
861 1470 991 1530 excitare
1007 1470 1145 1549 iudicem,

133 1553 298 1634 proverbiis
315 1556 372 1630 uti,
396 1562 425 1613 et
446 1552 581 1612 versibus
600 1562 629 1612 et
650 1552 717 1612 ioco
734 1553 890 1614 etinvidia
912 1564 941 1614 et
956 1555 1146 1616 invocatione

132 1639 284 1698 intendere
299 1640 423 1712 crimen,
441 1637 519 1716 quod
536 1645 582 1696 est
597 1635 744 1713 δείνωσις,
761 1636 888 1714 adulari,
906 1639 1082 1716 ignoscere,
1102 1640 1145 1699 ia-

134 1721 254 1799 stidire,
274 1723 446 1798 admonere,
470 1721 662 1798 satisfacere,
687 1723 819 1799 precari,
844 1721 1011 1800 corripere,
1033 1722 1145 1801 figuras

75 1815 224 1886 105putat
265 1806 450 1867 Partitionem
472 1822 589 1904 quoque
612 1814 641 1865 et
663 1806 893 1884 propositionem
923 1815 952 1866 et
973 1807 1145 1867 divisionem

127 1900 164 1974 et
183 1909 281 1954 rerum
302 1891 419 1951 duarum
440 1891 660 1969 cognationem,
685 1889 762 1968 quod
781 1898 841 1966 est,
864 1899 895 1949 ut
917 1890 993 1967 idern
1013 1891 1143 1968 valeant,

134 1993 209 2054 quae
231 1976 364 2036 videntur
384 1993 452 2035 esse
473 1974 604 2050 diversa,
626 1983 657 2033 ut
671 1990 728 2031 non
744 1975 769 2032 is
791 1973 902 2033 demum
923 1976 960 2033 sit
980 1937 1144 2052 νοηθῆναι,

134 2061 183 2138 qui
197 2061 285 2120 vitam
301 2059 418 2120 abstulit
436 2058 501 2119 data
517 2059 653 2137 potione,
671 2057 723 2117 sed
740 2059 826 2117 etiam
841 2059 889 2136 qui
904 2067 1046 2128 mentem;
1065 2060 1144 2138 quod

75 2152 125 2204 106
136 2152 181 2203 est
207 2145 234 2203 in
257 2153 356 2244 parte
365 2144 509 2203 finitionis.
562 2139 685 2200 Rutilius
709 2141 772 2201 sive
798 2140 937 2219 Gorgias,
966 2133 1145 2223 ἆναντιαιον,

134 2221 315 2307 ἀνάμνησιν,
339 2217 577 2307 αἰνθνττοφορᾶν,
600 2218 786 2306 ἆντίρῥησιν,
811 2220 1013 2325 παρανξησιν,
1034 2225 1143 2306 προέκ-

133 2317 235 2389 θεσιν,
261 2311 339 2410 quod
362 2320 407 2370 est
428 2310 545 2386 dicere,
574 2309 642 2388 quid
669 2309 731 2369 lieri
754 2311 915 2389 oportuerit
939 2311 1043 2371 deiude
1074 2311 1159 2389 quid.

134 2394 240 2455 iactum
252 2396 304 2463 sit;
323 2387 525 2472 ἐναντιότητα,
537 2393 613 2454 unde
625 2394 681 2453 sint
692 2393 902 2469 enthymemata
914 2417 971 2463 τιατ
974 2385 1143 2456 &stataet

78 2484 124 2540 107
132 2473 298 2558 μεταληψιν
324 2480 425 2554 etiam,
455 2494 512 2556 quo
535 2487 609 2538 statu
632 2476 839 2577 Hermagoras
850 2479 946 2537 utitur
988 2477 1141 2553 Visellius,

134 2581 294 2643 quanquam
309 2563 500 2643 paucissimas
516 2562 603 2622 faciat
618 2561 742 2639 ligures,
747 2555 920 2639 ἐνθύμημα
934 2570 1046 2639 tamen,
1064 2562 1151 2660 quod·

134 2656 323 2707 commentum
337 2655 440 2722 vocat,
464 2656 511 2721 et,
529 2647 667 2706 rationem
684 2644 855 2723 appellans,
880 2643 1048 2726 ἐπιχείρημα
1067 2647 1143 2706 inter

134 2749 184 2790 eas
205 2730 303 2791 lrabet.
353 2692 440 2805 Quorl
461 2691 576 2809 quidem
597 2730 708 2826 recipit
728 2729 939 2807 quodammodo
967 2739 996 2790 et
1023 2728 1143 2806 Celsus,

133 2831 197 2872 nam
205 2832 473 2894 ,cousequensan
490 2812 664 2892 epichirema
684 2813 737 2889 sit,
754 2811 872 2872 dubitat.
914 2811 1055 2874 Visellius
1072 2814 1141 2874 adii-

134 2898 173 2996 git
201 2906 231 2958 et
249 2901 430 2959 seutentiam.
473 2897 607 2972 lnvcnio,
639 2899 687 2975 qui
714 2906 878 2976 aggregent
903 2896 947 2956 his
972 2889 1141 2974 διασκενᾶς,

133 2970 357 3083 cimoyopssloerg,
386 2975 622 3062 παραδιηγήσεις.
667 2981 725 3040 Sed
746 2992 776 3042 ut
797 2981 871 3042 haec
893 2997 950 3040 non
969 2989 1035 3041 sunt
1056 2980 1143 3042 sehe-

133 3074 223 3125 mata:
241 3068 284 3126 sic
299 3066 355 3127 alia
366 3067 415 3127 vel
431 3068 487 3125 sint
502 3065 623 3123 iorsitan
636 3082 671 3124 ac
685 3081 739 3124 nos
755 3066 882 3144 lugerint
896 3065 944 3124 vel
962 3067 1047 3125 etiam
1063 3081 1140 3126 nova

134 3149 196 3209 lieri
224 3149 318 3211 adhuc
339 3151 469 3229 possint,
492 3146 619 3208 eiusdem
636 3156 729 3207 tomen
751 3159 886 3226 naturae,
908 3150 989 3210 cuius
1010 3158 1076 3209 suut
1093 3167 1140 3226 ea,

135 3232 170 3293 tle
189 3233 291 3315 quibus
308 3229 412 3294 dictum
431 3243 486 3293 est.

403 3408 406 3415 ⁴
439 3387 481 3436 llll
499 3384 629 3438 rroottrs
647 3384 836 3436 VllllBOllUlrl.

214 3482 265 3544 lJl.
300 3483 506 3545 Verborum
526 3501 599 3544 vero
614 3483 760 3562 figurae
782 3492 812 3543 et
830 3491 955 3544 mutatae
969 3490 1044 3542 sunt
1063 3477 1141 3543 somss
1170 3559 1175 3566 ,
