<?xml version="1.0" encoding="UTF-8"?>
<!DOCTYPE html PUBLIC "-//W3C//DTD XHTML 1.0 Transitional//EN"
    "http://www.w3.org/TR/xhtml1/DTD/xhtml1-transitional.dtd">
<html xmlns="http://www.w3.org/1999/xhtml" xml:lang="en" lang="en">
 <head>
  <title>
</title>
<meta http-equiv="Content-Type" content="text/html;charset=utf-8" />
  <meta name='ocr-system' content='tesseract 3.04.00' />
  <meta name='ocr-capabilities' content='ocr_page ocr_carea ocr_par ocr_line ocrx_word'/>
</head>
<body>
  <div class='ocr_page' id='page_1' title='image "./mfabiiquintilia08quingoog_0202.png"; bbox 0 0 2408 3854; ppageno 0'>
   <div class='ocr_carea' id='block_1_1' title="bbox 345 153 1085 260">
    <p class='ocr_par' dir='ltr' id='par_1_1' title="bbox 345 153 1085 260">
     <span class='ocr_line' id='line_1_1' title="bbox 345 153 1085 260; baseline 0.004 -30"><span class='ocrx_word' id='word_1_1' title='bbox 345 177 773 260; x_wconf 78' lang='lat' dir='ltr'><strong>rusr.oaaron.nrs.rr,t.</strong></span> <span class='ocrx_word' id='word_1_2' title='bbox 789 181 814 231; x_wconf 84' lang='lat'><strong>5.</strong></span> <span class='ocrx_word' id='word_1_3' title='bbox 855 153 858 157; x_wconf 62' lang='grc'>’</span> <span class='ocrx_word' id='word_1_4' title='bbox 885 225 887 230; x_wconf 91' lang='grc'>.</span> <span class='ocrx_word' id='word_1_5' title='bbox 1026 173 1085 233; x_wconf 78' lang='grc'><strong>177</strong></span> 
     </span>
    </p>
   </div>
   <div class='ocr_carea' id='block_1_2' title="bbox 74 337 1114 1423">
    <p class='ocr_par' dir='ltr' id='par_1_2' title="bbox 74 337 1114 1423">
     <span class='ocr_line' id='line_1_2' title="bbox 76 337 1084 418; baseline 0.001 -20"><span class='ocrx_word' id='word_1_6' title='bbox 76 337 134 398; x_wconf 89' lang='lat' dir='ltr'><strong>hoc</strong></span> <span class='ocrx_word' id='word_1_7' title='bbox 150 339 320 415; x_wconf 78' lang='lat' dir='ltr'><strong>contingere</strong></span> <span class='ocrx_word' id='word_1_8' title='bbox 336 354 453 416; x_wconf 80' lang='lat' dir='ltr'>semper</span> <span class='ocrx_word' id='word_1_9' title='bbox 467 342 567 416; x_wconf 89' lang='lat' dir='ltr'><strong>potest</strong></span> <span class='ocrx_word' id='word_1_10' title='bbox 584 337 755 414; x_wconf 88' lang='lat' dir='ltr'><strong>praesertim</strong></span> <span class='ocrx_word' id='word_1_11' title='bbox 771 337 890 412; x_wconf 89' lang='lat' dir='ltr'><strong>oratori,</strong></span> <span class='ocrx_word' id='word_1_12' title='bbox 906 339 952 398; x_wconf 89' lang='lat' dir='ltr'><strong>cui</strong></span> <span class='ocrx_word' id='word_1_13' title='bbox 967 340 1084 418; x_wconf 89' lang='lat' dir='ltr'><strong>saepius</strong></span> 
     </span>
     <span class='ocr_line' id='line_1_3' title="bbox 77 421 1084 502; baseline 0.004 -21"><span class='ocrx_word' id='word_1_14' title='bbox 77 421 209 481; x_wconf 89' lang='lat' dir='ltr'><strong>scribere</strong></span> <span class='ocrx_word' id='word_1_15' title='bbox 223 422 258 483; x_wconf 92' lang='lat' dir='ltr'><strong>ad</strong></span> <span class='ocrx_word' id='word_1_16' title='bbox 274 429 446 499; x_wconf 77' lang='lat' dir='ltr'><strong>praesentes</strong></span> <span class='ocrx_word' id='word_1_17' title='bbox 467 438 537 480; x_wconf 92' lang='lat' dir='ltr'><strong>usus</strong></span> <span class='ocrx_word' id='word_1_18' title='bbox 556 437 682 480; x_wconf 84' lang='lat' dir='ltr'><strong>neeesse</strong></span> <span class='ocrx_word' id='word_1_19' title='bbox 705 429 765 489; x_wconf 88' lang='lat' dir='ltr'><strong>est;</strong></span> <span class='ocrx_word' id='word_1_20' title='bbox 789 429 819 480; x_wconf 91' lang='lat' dir='ltr'><strong>et</strong></span> <span class='ocrx_word' id='word_1_21' title='bbox 842 422 1003 483; x_wconf 71' lang='lat' dir='ltr'><strong>emendatio</strong></span> <span class='ocrx_word' id='word_1_22' title='bbox 1022 425 1084 502; x_wconf 90' lang='lat' dir='ltr'><strong>ipsa</strong></span> 
     </span>
     <span class='ocr_line' id='line_1_4' title="bbox 76 504 1085 584; baseline 0.003 -19"><span class='ocrx_word' id='word_1_23' title='bbox 76 507 161 566; x_wconf 90' lang='lat' dir='ltr'><strong>linem</strong></span> <span class='ocrx_word' id='word_1_24' title='bbox 178 504 296 566; x_wconf 85' lang='lat' dir='ltr'><strong>habeat.</strong></span> <span class='ocrx_word' id='word_1_25' title='bbox 323 505 395 565; x_wconf 90' lang='lat' dir='ltr'><strong>Sunt</strong></span> <span class='ocrx_word' id='word_1_26' title='bbox 411 506 485 564; x_wconf 91' lang='lat' dir='ltr'><strong>enim</strong></span> <span class='ocrx_word' id='word_1_27' title='bbox 503 505 551 582; x_wconf 92' lang='lat' dir='ltr'><strong>qui</strong></span> <span class='ocrx_word' id='word_1_28' title='bbox 561 504 597 565; x_wconf 92' lang='lat' dir='ltr'><strong>ad</strong></span> <span class='ocrx_word' id='word_1_29' title='bbox 610 505 704 564; x_wconf 86' lang='lat' dir='ltr'><strong>omnia</strong></span> <span class='ocrx_word' id='word_1_30' title='bbox 716 506 823 583; x_wconf 91' lang='lat' dir='ltr'><strong>scripta</strong></span> <span class='ocrx_word' id='word_1_31' title='bbox 834 513 968 584; x_wconf 90' lang='lat' dir='ltr'><strong>tanquam</strong></span> <span class='ocrx_word' id='word_1_32' title='bbox 980 508 1085 569; x_wconf 87' lang='lat' dir='ltr'><strong>vitiosa</strong></span> 
     </span>
     <span class='ocr_line' id='line_1_5' title="bbox 76 589 1082 668; baseline 0.003 -20"><span class='ocrx_word' id='word_1_33' title='bbox 76 590 198 650; x_wconf 76' lang='lat' dir='ltr'><strong>redeant</strong></span> <span class='ocrx_word' id='word_1_34' title='bbox 216 598 263 666; x_wconf 88' lang='lat' dir='ltr'><strong>et,</strong></span> <span class='ocrx_word' id='word_1_35' title='bbox 280 590 362 667; x_wconf 90' lang='lat' dir='ltr'><strong>quasi</strong></span> <span class='ocrx_word' id='word_1_36' title='bbox 376 589 445 649; x_wconf 86' lang='lat' dir='ltr'><strong>nihil</strong></span> <span class='ocrx_word' id='word_1_37' title='bbox 464 589 507 648; x_wconf 90' lang='lat' dir='ltr'><strong>las</strong></span> <span class='ocrx_word' id='word_1_38' title='bbox 523 589 560 647; x_wconf 89' lang='lat' dir='ltr'><strong>sit</strong></span> <span class='ocrx_word' id='word_1_39' title='bbox 575 597 686 648; x_wconf 89' lang='lat' dir='ltr'><strong>rectum</strong></span> <span class='ocrx_word' id='word_1_40' title='bbox 707 607 775 648; x_wconf 91' lang='lat' dir='ltr'><strong>esse</strong></span> <span class='ocrx_word' id='word_1_41' title='bbox 797 589 874 668; x_wconf 90' lang='lat' dir='ltr'><strong>quod</strong></span> <span class='ocrx_word' id='word_1_42' title='bbox 891 591 1011 668; x_wconf 91' lang='lat' dir='ltr'><strong>primum</strong></span> <span class='ocrx_word' id='word_1_43' title='bbox 1027 600 1082 667; x_wconf 88' lang='lat' dir='ltr'><strong>est,</strong></span> 
     </span>
     <span class='ocr_line' id='line_1_6' title="bbox 76 671 1083 753; baseline 0.001 -20"><span class='ocrx_word' id='word_1_44' title='bbox 76 673 179 735; x_wconf 89' lang='lat' dir='ltr'><strong>melius</strong></span> <span class='ocrx_word' id='word_1_45' title='bbox 196 674 360 733; x_wconf 86' lang='lat' dir='ltr'><strong>existiment</strong></span> <span class='ocrx_word' id='word_1_46' title='bbox 376 671 515 752; x_wconf 89' lang='lat' dir='ltr'><strong>quidquid</strong></span> <span class='ocrx_word' id='word_1_47' title='bbox 533 681 577 731; x_wconf 90' lang='lat' dir='ltr'><strong>est</strong></span> <span class='ocrx_word' id='word_1_48' title='bbox 593 672 687 748; x_wconf 92' lang='lat' dir='ltr'><strong>aliud,</strong></span> <span class='ocrx_word' id='word_1_49' title='bbox 704 673 791 752; x_wconf 88' lang='lat' dir='ltr'><strong>idque</strong></span> <span class='ocrx_word' id='word_1_50' title='bbox 807 673 929 749; x_wconf 87' lang='lat' dir='ltr'><strong>iaciant,</strong></span> <span class='ocrx_word' id='word_1_51' title='bbox 950 677 1083 753; x_wconf 87' lang='lat' dir='ltr'><strong>quotiens</strong></span> 
     </span>
     <span class='ocr_line' id='line_1_7' title="bbox 76 756 1084 837; baseline 0 -19"><span class='ocrx_word' id='word_1_52' title='bbox 76 757 179 818; x_wconf 88' lang='lat' dir='ltr'><strong>librum</strong></span> <span class='ocrx_word' id='word_1_53' title='bbox 194 759 223 818; x_wconf 92' lang='lat' dir='ltr'><strong>in</strong></span> <span class='ocrx_word' id='word_1_54' title='bbox 238 776 338 818; x_wconf 89' lang='lat' dir='ltr'><strong>manus</strong></span> <span class='ocrx_word' id='word_1_55' title='bbox 357 765 587 836; x_wconf 91' lang='lat' dir='ltr'><strong>resumpserunt,</strong></span> <span class='ocrx_word' id='word_1_56' title='bbox 604 756 714 816; x_wconf 85' lang='lat' dir='ltr'><strong>similes</strong></span> <span class='ocrx_word' id='word_1_57' title='bbox 730 756 850 817; x_wconf 89' lang='lat' dir='ltr'><strong>medicis</strong></span> <span class='ocrx_word' id='word_1_58' title='bbox 869 759 954 818; x_wconf 89' lang='lat' dir='ltr'><strong>etiam</strong></span> <span class='ocrx_word' id='word_1_59' title='bbox 971 759 1084 837; x_wconf 79' lang='lat' dir='ltr'><strong>integra</strong></span> 
     </span>
     <span class='ocr_line' id='line_1_8' title="bbox 75 841 1084 920; baseline 0.003 -20"><span class='ocrx_word' id='word_1_60' title='bbox 75 841 253 903; x_wconf 86' lang='lat' dir='ltr'><strong>secantibus.</strong></span> <span class='ocrx_word' id='word_1_61' title='bbox 295 841 410 902; x_wconf 78' lang='lat' dir='ltr'><strong>Accidit</strong></span> <span class='ocrx_word' id='word_1_62' title='bbox 434 842 549 919; x_wconf 87' lang='lat' dir='ltr'><strong>itaque,</strong></span> <span class='ocrx_word' id='word_1_63' title='bbox 572 849 603 900; x_wconf 90' lang='lat' dir='ltr'><strong>ut</strong></span> <span class='ocrx_word' id='word_1_64' title='bbox 617 841 790 901; x_wconf 87' lang='lat' dir='ltr'><strong>cicatricosa</strong></span> <span class='ocrx_word' id='word_1_65' title='bbox 806 843 862 901; x_wconf 88' lang='lat' dir='ltr'><strong>sint</strong></span> <span class='ocrx_word' id='word_1_66' title='bbox 878 851 907 901; x_wconf 91' lang='lat' dir='ltr'><strong>et</strong></span> <span class='ocrx_word' id='word_1_67' title='bbox 926 845 1084 920; x_wconf 83' lang='lat' dir='ltr'><strong>exsanguia</strong></span> 
     </span>
     <span class='ocr_line' id='line_1_9' title="bbox 76 924 1114 1004; baseline 0.002 -20"><span class='ocrx_word' id='word_1_68' title='bbox 76 934 106 984; x_wconf 90' lang='lat' dir='ltr'><strong>et</strong></span> <span class='ocrx_word' id='word_1_69' title='bbox 122 944 191 985; x_wconf 89' lang='lat' dir='ltr'><strong>eura</strong></span> <span class='ocrx_word' id='word_1_70' title='bbox 208 926 319 1004; x_wconf 89' lang='lat' dir='ltr'><strong>peiora.</strong></span> <span class='ocrx_word' id='word_1_71' title='bbox 362 925 406 986; x_wconf 89' lang='lat' dir='ltr'><strong>Sit</strong></span> <span class='ocrx_word' id='word_1_72' title='bbox 428 942 500 1003; x_wconf 83' lang='lat' dir='ltr'><strong>ergo</strong></span> <span class='ocrx_word' id='word_1_73' title='bbox 526 924 680 1003; x_wconf 89' lang='lat' dir='ltr'><strong>aliquando</strong></span> <span class='ocrx_word' id='word_1_74' title='bbox 706 925 784 1003; x_wconf 92' lang='lat' dir='ltr'><strong>quod</strong></span> <span class='ocrx_word' id='word_1_75' title='bbox 800 926 915 1004; x_wconf 89' lang='lat' dir='ltr'><strong>placeat</strong></span> <span class='ocrx_word' id='word_1_76' title='bbox 939 935 987 987; x_wconf 91' lang='lat' dir='ltr'><strong>aut</strong></span> <span class='ocrx_word' id='word_1_77' title='bbox 1003 936 1114 994; x_wconf 74' lang='lat' dir='ltr'><strong>certet</strong></span> 
     </span>
     <span class='ocr_line' id='line_1_10' title="bbox 74 1008 1083 1090; baseline 0.002 -22"><span class='ocrx_word' id='word_1_78' title='bbox 74 1008 155 1086; x_wconf 92' lang='lat' dir='ltr'><strong>quod</strong></span> <span class='ocrx_word' id='word_1_79' title='bbox 178 1009 322 1085; x_wconf 84' lang='lat' dir='ltr'><strong>sufficiat,</strong></span> <span class='ocrx_word' id='word_1_80' title='bbox 344 1018 375 1069; x_wconf 92' lang='lat' dir='ltr'><strong>ut</strong></span> <span class='ocrx_word' id='word_1_81' title='bbox 395 1027 468 1087; x_wconf 93' lang='lat' dir='ltr'><strong>opus</strong></span> <span class='ocrx_word' id='word_1_82' title='bbox 490 1010 582 1088; x_wconf 91' lang='lat' dir='ltr'><strong>poliat</strong></span> <span class='ocrx_word' id='word_1_83' title='bbox 605 1008 671 1069; x_wconf 91' lang='lat' dir='ltr'><strong>lima</strong></span> <span class='ocrx_word' id='word_1_84' title='bbox 693 1025 750 1068; x_wconf 91' lang='lat' dir='ltr'><strong>non</strong></span> <span class='ocrx_word' id='word_1_85' title='bbox 771 1019 894 1070; x_wconf 85' lang='lat' dir='ltr'><strong>exterat.</strong></span> <span class='ocrx_word' id='word_1_86' title='bbox 931 1009 1083 1090; x_wconf 83' lang='lat' dir='ltr'><strong>Temporis</strong></span> 
     </span>
     <span class='ocr_line' id='line_1_11' title="bbox 76 1091 1083 1172; baseline 0.003 -20"><span class='ocrx_word' id='word_1_87' title='bbox 76 1110 193 1171; x_wconf 90' lang='lat' dir='ltr'><strong>quoque</strong></span> <span class='ocrx_word' id='word_1_88' title='bbox 209 1111 277 1153; x_wconf 85' lang='lat' dir='ltr'><strong>esse</strong></span> <span class='ocrx_word' id='word_1_89' title='bbox 293 1092 383 1169; x_wconf 86' lang='lat' dir='ltr'><strong>debet</strong></span> <span class='ocrx_word' id='word_1_90' title='bbox 398 1092 510 1159; x_wconf 85' lang='lat' dir='ltr'><strong>modus.</strong></span> <span class='ocrx_word' id='word_1_91' title='bbox 546 1091 619 1153; x_wconf 86' lang='lat' dir='ltr'><strong>Nam</strong></span> <span class='ocrx_word' id='word_1_92' title='bbox 641 1091 719 1172; x_wconf 91' lang='lat' dir='ltr'><strong>quod</strong></span> <span class='ocrx_word' id='word_1_93' title='bbox 738 1091 846 1154; x_wconf 78' lang='lat' dir='ltr'><strong>Cinnae</strong></span> <span class='ocrx_word' id='word_1_94' title='bbox 866 1094 1018 1169; x_wconf 77' lang='lat' dir='ltr'><strong>Zmyrnam</strong></span> <span class='ocrx_word' id='word_1_95' title='bbox 1033 1113 1083 1155; x_wconf 93' lang='lat' dir='ltr'><strong>no-</strong></span> 
     </span>
     <span class='ocr_line' id='line_1_12' title="bbox 75 1176 1084 1258; baseline 0.003 -22"><span class='ocrx_word' id='word_1_96' title='bbox 75 1194 140 1236; x_wconf 88' lang='lat' dir='ltr'><strong>vem</strong></span> <span class='ocrx_word' id='word_1_97' title='bbox 155 1178 235 1238; x_wconf 91' lang='lat' dir='ltr'><strong>annis</strong></span> <span class='ocrx_word' id='word_1_98' title='bbox 251 1180 417 1257; x_wconf 88' lang='lat' dir='ltr'><strong>accepimus</strong></span> <span class='ocrx_word' id='word_1_99' title='bbox 435 1179 583 1256; x_wconf 78' lang='lat' dir='ltr'><strong>scriptam,</strong></span> <span class='ocrx_word' id='word_1_100' title='bbox 602 1186 632 1236; x_wconf 91' lang='lat' dir='ltr'><strong>et</strong></span> <span class='ocrx_word' id='word_1_101' title='bbox 643 1176 852 1255; x_wconf 78' lang='lat' dir='ltr'><strong>Panegyricum</strong></span> <span class='ocrx_word' id='word_1_102' title='bbox 865 1176 1016 1254; x_wconf 89' lang='lat' dir='ltr'><strong>Isocratis,</strong></span> <span class='ocrx_word' id='word_1_103' title='bbox 1035 1183 1084 1258; x_wconf 91' lang='lat' dir='ltr'><strong>qui</strong></span> 
     </span>
     <span class='ocr_line' id='line_1_13' title="bbox 75 1259 1083 1339; baseline 0.003 -19"><span class='ocrx_word' id='word_1_104' title='bbox 75 1263 257 1339; x_wconf 83' lang='lat' dir='ltr'><strong>parcissime,</strong></span> <span class='ocrx_word' id='word_1_105' title='bbox 272 1261 375 1322; x_wconf 91' lang='lat' dir='ltr'><strong>decem</strong></span> <span class='ocrx_word' id='word_1_106' title='bbox 386 1263 467 1322; x_wconf 88' lang='lat' dir='ltr'><strong>annis</strong></span> <span class='ocrx_word' id='word_1_107' title='bbox 479 1261 578 1322; x_wconf 91' lang='lat' dir='ltr'><strong>dicunt</strong></span> <span class='ocrx_word' id='word_1_108' title='bbox 590 1259 784 1322; x_wconf 90' lang='lat' dir='ltr'><strong>elaboratum:</strong></span> <span class='ocrx_word' id='word_1_109' title='bbox 802 1263 838 1322; x_wconf 93' lang='lat' dir='ltr'><strong>ad</strong></span> <span class='ocrx_word' id='word_1_110' title='bbox 853 1271 1000 1323; x_wconf 88' lang='lat' dir='ltr'><strong>oratorem</strong></span> <span class='ocrx_word' id='word_1_111' title='bbox 1014 1264 1083 1338; x_wconf 84' lang='lat' dir='ltr'><strong>nihil</strong></span> 
     </span>
     <span class='ocr_line' id='line_1_14' title="bbox 75 1346 1039 1423; baseline 0 -19"><span class='ocrx_word' id='word_1_112' title='bbox 75 1348 218 1423; x_wconf 81' lang='lat' dir='ltr'><strong>pertinet,</strong></span> <span class='ocrx_word' id='word_1_113' title='bbox 238 1346 318 1407; x_wconf 90' lang='lat' dir='ltr'><strong>cuius</strong></span> <span class='ocrx_word' id='word_1_114' title='bbox 334 1347 442 1407; x_wconf 91' lang='lat' dir='ltr'><strong>nullum</strong></span> <span class='ocrx_word' id='word_1_115' title='bbox 461 1347 526 1422; x_wconf 88' lang='lat' dir='ltr'><strong>erit,</strong></span> <span class='ocrx_word' id='word_1_116' title='bbox 543 1346 568 1405; x_wconf 89' lang='lat' dir='ltr'><strong>si</strong></span> <span class='ocrx_word' id='word_1_117' title='bbox 583 1355 640 1406; x_wconf 88' lang='lat' dir='ltr'><strong>tam</strong></span> <span class='ocrx_word' id='word_1_118' title='bbox 657 1346 768 1406; x_wconf 90' lang='lat' dir='ltr'><strong>tardum</strong></span> <span class='ocrx_word' id='word_1_119' title='bbox 780 1347 876 1423; x_wconf 88' lang='lat' dir='ltr'><strong>luerit,</strong></span> <span class='ocrx_word' id='word_1_120' title='bbox 893 1347 1039 1407; x_wconf 85' lang='lat' dir='ltr'><strong>auxilium.</strong></span> 
     </span>
    </p>
   </div>
   <div class='ocr_carea' id='block_1_3' title="bbox 361 1499 805 1558">
    <p class='ocr_par' dir='ltr' id='par_1_3' title="bbox 361 1499 805 1558">
     <span class='ocr_line' id='line_1_15' title="bbox 361 1499 805 1558; baseline -0.009 -4"><span class='ocrx_word' id='word_1_121' title='bbox 361 1499 447 1558; x_wconf 73' lang='lat' dir='ltr'><strong>QUAE</strong></span> <span class='ocrx_word' id='word_1_122' title='bbox 464 1499 649 1551; x_wconf 81' lang='lat' dir='ltr'><strong>SCRIBENDA</strong></span> <span class='ocrx_word' id='word_1_123' title='bbox 664 1499 805 1550; x_wconf 74' lang='lat' dir='ltr'><strong>Maxilla.</strong></span> 
     </span>
    </p>
   </div>
   <div class='ocr_carea' id='block_1_4' title="bbox 72 1599 1184 3602">
    <p class='ocr_par' dir='ltr' id='par_1_4' title="bbox 74 1599 1184 2164">
     <span class='ocr_line' id='line_1_16' title="bbox 158 1599 1082 1679; baseline 0.005 -21"><span class='ocrx_word' id='word_1_124' title='bbox 158 1599 194 1658; x_wconf 91' lang='lat' dir='ltr'><strong>V.</strong></span> <span class='ocrx_word' id='word_1_125' title='bbox 211 1599 634 1677; x_wconf 84' lang='lat' dir='ltr'><strong>Proximumest,utdicamus,</strong></span> <span class='ocrx_word' id='word_1_126' title='bbox 652 1618 743 1679; x_wconf 89' lang='lat' dir='ltr'><strong>quae</strong></span> <span class='ocrx_word' id='word_1_127' title='bbox 758 1602 971 1679; x_wconf 85' lang='lat' dir='ltr'><strong>praecipue</strong></span> <span class='ocrx_word' id='word_1_128' title='bbox 986 1605 1082 1663; x_wconf 89' lang='lat' dir='ltr'><strong>scri·</strong></span> 
     </span>
     <span class='ocr_line' id='line_1_17' title="bbox 74 1681 1080 1764; baseline 0.002 -20"><span class='ocrx_word' id='word_1_129' title='bbox 74 1681 194 1744; x_wconf 90' lang='lat' dir='ltr'><strong>benda</strong></span> <span class='ocrx_word' id='word_1_130' title='bbox 214 1684 296 1744; x_wconf 89' lang='lat' dir='ltr'><strong>sint.</strong></span> <span class='ocrx_word' id='word_1_131' title='bbox 326 1684 390 1745; x_wconf 92' lang='lat' dir='ltr'><strong>lloc</strong></span> <span class='ocrx_word' id='word_1_132' title='bbox 405 1685 590 1746; x_wconf 81' lang='lat' dir='ltr'><strong>exuberantis</strong></span> <span class='ocrx_word' id='word_1_133' title='bbox 606 1686 644 1744; x_wconf 88' lang='lat' dir='ltr'><strong>sit</strong></span> <span class='ocrx_word' id='word_1_134' title='bbox 660 1683 776 1762; x_wconf 87' lang='lat' dir='ltr'><strong>quidem</strong></span> <span class='ocrx_word' id='word_1_135' title='bbox 792 1685 910 1763; x_wconf 87' lang='lat' dir='ltr'><strong>operis,</strong></span> <span class='ocrx_word' id='word_1_136' title='bbox 932 1694 963 1744; x_wconf 91' lang='lat' dir='ltr'><strong>ut</strong></span> <span class='ocrx_word' id='word_1_137' title='bbox 988 1687 1080 1764; x_wconf 84' lang='lat' dir='ltr'><strong>expli·</strong></span> 
     </span>
     <span class='ocr_line' id='line_1_18' title="bbox 75 1768 1080 1847; baseline 0 -20"><span class='ocrx_word' id='word_1_138' title='bbox 75 1786 185 1843; x_wconf 90' lang='lat' dir='ltr'><strong>cemus,</strong></span> <span class='ocrx_word' id='word_1_139' title='bbox 202 1785 278 1845; x_wconf 90' lang='lat' dir='ltr'><strong>quae</strong></span> <span class='ocrx_word' id='word_1_140' title='bbox 290 1770 345 1828; x_wconf 89' lang='lat' dir='ltr'><strong>sint</strong></span> <span class='ocrx_word' id='word_1_141' title='bbox 359 1769 507 1845; x_wconf 87' lang='lat' dir='ltr'><strong>materiae,</strong></span> <span class='ocrx_word' id='word_1_142' title='bbox 527 1786 602 1847; x_wconf 89' lang='lat' dir='ltr'><strong>quae</strong></span> <span class='ocrx_word' id='word_1_143' title='bbox 617 1768 708 1847; x_wconf 92' lang='lat' dir='ltr'><strong>prima</strong></span> <span class='ocrx_word' id='word_1_144' title='bbox 725 1776 774 1827; x_wconf 86' lang='lat' dir='ltr'><strong>aut</strong></span> <span class='ocrx_word' id='word_1_145' title='bbox 791 1768 919 1829; x_wconf 88' lang='lat' dir='ltr'><strong>secunda</strong></span> <span class='ocrx_word' id='word_1_146' title='bbox 937 1779 985 1829; x_wconf 89' lang='lat' dir='ltr'><strong>aut</strong></span> <span class='ocrx_word' id='word_1_147' title='bbox 1001 1769 1080 1829; x_wconf 91' lang='lat' dir='ltr'><strong>dein-</strong></span> 
     </span>
     <span class='ocr_line' id='line_1_19' title="bbox 75 1852 1080 1931; baseline 0.003 -21"><span class='ocrx_word' id='word_1_148' title='bbox 75 1869 146 1930; x_wconf 88' lang='lat' dir='ltr'><strong>ceps</strong></span> <span class='ocrx_word' id='word_1_149' title='bbox 168 1853 317 1913; x_wconf 90' lang='lat' dir='ltr'><strong>tractanda</strong></span> <span class='ocrx_word' id='word_1_150' title='bbox 337 1854 406 1920; x_wconf 76' lang='lat' dir='ltr'><strong>sint:</strong></span> <span class='ocrx_word' id='word_1_151' title='bbox 432 1871 496 1912; x_wconf 91' lang='lat' dir='ltr'><strong>uam</strong></span> <span class='ocrx_word' id='word_1_152' title='bbox 516 1854 544 1913; x_wconf 90' lang='lat' dir='ltr'><strong>id</strong></span> <span class='ocrx_word' id='word_1_153' title='bbox 567 1853 675 1913; x_wconf 85' lang='lat' dir='ltr'><strong>factum</strong></span> <span class='ocrx_word' id='word_1_154' title='bbox 700 1860 745 1912; x_wconf 91' lang='lat' dir='ltr'><strong>est</strong></span> <span class='ocrx_word' id='word_1_155' title='bbox 771 1853 856 1913; x_wconf 87' lang='lat' dir='ltr'><strong>etiam</strong></span> <span class='ocrx_word' id='word_1_156' title='bbox 874 1854 967 1931; x_wconf 90' lang='lat' dir='ltr'><strong>primo</strong></span> <span class='ocrx_word' id='word_1_157' title='bbox 993 1852 1080 1929; x_wconf 92' lang='lat' dir='ltr'><strong>libro,</strong></span> 
     </span>
     <span class='ocr_line' id='line_1_20' title="bbox 75 1935 1081 2014; baseline 0.002 -20"><span class='ocrx_word' id='word_1_158' title='bbox 75 1952 133 2013; x_wconf 94' lang='lat' dir='ltr'><strong>quo</strong></span> <span class='ocrx_word' id='word_1_159' title='bbox 149 1954 315 2013; x_wconf 88' lang='lat' dir='ltr'><strong>puerorum,</strong></span> <span class='ocrx_word' id='word_1_160' title='bbox 331 1946 361 1996; x_wconf 87' lang='lat' dir='ltr'><strong>et</strong></span> <span class='ocrx_word' id='word_1_161' title='bbox 380 1937 526 2012; x_wconf 88' lang='lat' dir='ltr'><strong>seeundo,</strong></span> <span class='ocrx_word' id='word_1_162' title='bbox 545 1952 602 2014; x_wconf 92' lang='lat' dir='ltr'><strong>quo</strong></span> <span class='ocrx_word' id='word_1_163' title='bbox 625 1935 820 1996; x_wconf 88' lang='lat' dir='ltr'><strong>robustiorum</strong></span> <span class='ocrx_word' id='word_1_164' title='bbox 834 1936 936 1997; x_wconf 90' lang='lat' dir='ltr'><strong>studiis</strong></span> <span class='ocrx_word' id='word_1_165' title='bbox 952 1936 1081 1997; x_wconf 89' lang='lat' dir='ltr'><strong>ordinem</strong></span> 
     </span>
     <span class='ocr_line' id='line_1_21' title="bbox 75 2019 1184 2099; baseline 0 -19"><span class='ocrx_word' id='word_1_166' title='bbox 75 2019 220 2090; x_wconf 86' lang='lat' dir='ltr'><strong>dedimus;</strong></span> <span class='ocrx_word' id='word_1_167' title='bbox 242 2022 312 2097; x_wconf 81' lang='lat' dir='ltr'><strong>sed,</strong></span> <span class='ocrx_word' id='word_1_168' title='bbox 329 2021 365 2081; x_wconf 90' lang='lat' dir='ltr'><strong>de</strong></span> <span class='ocrx_word' id='word_1_169' title='bbox 387 2037 444 2099; x_wconf 93' lang='lat' dir='ltr'><strong>quo</strong></span> <span class='ocrx_word' id='word_1_170' title='bbox 466 2038 541 2080; x_wconf 89' lang='lat' dir='ltr'><strong>nuno</strong></span> <span class='ocrx_word' id='word_1_171' title='bbox 563 2023 673 2097; x_wconf 78' lang='lat' dir='ltr'><strong>agitur,</strong></span> <span class='ocrx_word' id='word_1_172' title='bbox 686 2020 771 2080; x_wconf 92' lang='lat' dir='ltr'><strong>unde</strong></span> <span class='ocrx_word' id='word_1_173' title='bbox 793 2021 878 2099; x_wconf 89' lang='lat' dir='ltr'><strong>eopia</strong></span> <span class='ocrx_word' id='word_1_174' title='bbox 900 2038 935 2080; x_wconf 89' lang='lat' dir='ltr'><strong>ac</strong></span> <span class='ocrx_word' id='word_1_175' title='bbox 956 2021 1080 2081; x_wconf 82' lang='lat' dir='ltr'><strong>facilitas</strong></span> <span class='ocrx_word' id='word_1_176' title='bbox 1182 2095 1184 2098; x_wconf 13' lang='grc' dir='ltr'><strong><em>ι</em></strong></span> 
     </span>
     <span class='ocr_line' id='line_1_22' title="bbox 74 2105 319 2164; baseline 0.004 -1"><span class='ocrx_word' id='word_1_177' title='bbox 74 2105 197 2164; x_wconf 84' lang='lat' dir='ltr'><strong>maxime</strong></span> <span class='ocrx_word' id='word_1_178' title='bbox 213 2107 319 2164; x_wconf 88' lang='lat' dir='ltr'><strong>veniat.</strong></span> 
     </span>
    </p>

    <p class='ocr_par' dir='ltr' id='par_1_5' title="bbox 72 2187 1183 3342">
     <span class='ocr_line' id='line_1_23' title="bbox 158 2187 1109 2250; baseline 0.004 -4"><span class='ocrx_word' id='word_1_179' title='bbox 158 2188 319 2249; x_wconf 88' lang='lat' dir='ltr'><strong>Vertere</strong></span> <span class='ocrx_word' id='word_1_180' title='bbox 343 2188 542 2250; x_wconf 85' lang='lat' dir='ltr'><strong>Graecam</strong></span> <span class='ocrx_word' id='word_1_181' title='bbox 564 2187 726 2249; x_wconf 87' lang='lat' dir='ltr'><strong>Latmum</strong></span> <span class='ocrx_word' id='word_1_182' title='bbox 741 2196 869 2248; x_wconf 87' lang='lat' dir='ltr'><strong>veteres</strong></span> <span class='ocrx_word' id='word_1_183' title='bbox 875 2189 967 2248; x_wconf 91' lang='lat' dir='ltr'><strong>nostri</strong></span> <span class='ocrx_word' id='word_1_184' title='bbox 983 2197 1079 2250; x_wconf 90' lang='lat' dir='ltr'><strong>orato·</strong></span> <span class='ocrx_word' id='word_1_185' title='bbox 1092 2196 1109 2250; x_wconf 75' lang='lat'><strong>2</strong></span> 
     </span>
     <span class='ocr_line' id='line_1_24' title="bbox 73 2269 1080 2352; baseline 0.002 -21"><span class='ocrx_word' id='word_1_186' title='bbox 73 2291 123 2332; x_wconf 91' lang='lat' dir='ltr'><strong>res</strong></span> <span class='ocrx_word' id='word_1_187' title='bbox 142 2275 279 2352; x_wconf 91' lang='lat' dir='ltr'><strong>optimum</strong></span> <span class='ocrx_word' id='word_1_188' title='bbox 300 2271 472 2333; x_wconf 89' lang='lat' dir='ltr'><strong>iudicabant.</strong></span> <span class='ocrx_word' id='word_1_189' title='bbox 508 2271 541 2332; x_wconf 93' lang='lat' dir='ltr'><strong>ld</strong></span> <span class='ocrx_word' id='word_1_190' title='bbox 556 2290 589 2332; x_wconf 85' lang='lat' dir='ltr'><strong>se</strong></span> <span class='ocrx_word' id='word_1_191' title='bbox 605 2271 636 2333; x_wconf 88' lang='lat' dir='ltr'><strong>L.</strong></span> <span class='ocrx_word' id='word_1_192' title='bbox 659 2269 781 2331; x_wconf 80' lang='lat' dir='ltr'><strong>Crassus</strong></span> <span class='ocrx_word' id='word_1_193' title='bbox 805 2273 833 2331; x_wconf 92' lang='lat' dir='ltr'><strong>in</strong></span> <span class='ocrx_word' id='word_1_194' title='bbox 853 2270 911 2331; x_wconf 88' lang='lat' dir='ltr'><strong>illis</strong></span> <span class='ocrx_word' id='word_1_195' title='bbox 928 2269 1080 2334; x_wconf 85' lang='lat' dir='ltr'><strong>Ciceronis</strong></span> 
     </span>
     <span class='ocr_line' id='line_1_25' title="bbox 74 2353 1080 2435; baseline 0.001 -19"><span class='ocrx_word' id='word_1_196' title='bbox 74 2356 110 2416; x_wconf 91' lang='lat' dir='ltr'><strong>de</strong></span> <span class='ocrx_word' id='word_1_197' title='bbox 127 2354 251 2417; x_wconf 87' lang='lat' dir='ltr'><strong>Oratore</strong></span> <span class='ocrx_word' id='word_1_198' title='bbox 267 2356 347 2418; x_wconf 90' lang='lat' dir='ltr'><strong>libris</strong></span> <span class='ocrx_word' id='word_1_199' title='bbox 365 2356 434 2417; x_wconf 90' lang='lat' dir='ltr'><strong>dicit</strong></span> <span class='ocrx_word' id='word_1_200' title='bbox 449 2357 608 2418; x_wconf 81' lang='lat' dir='ltr'><strong>factitasse.</strong></span> <span class='ocrx_word' id='word_1_201' title='bbox 635 2355 667 2417; x_wconf 93' lang='lat' dir='ltr'><strong>ld</strong></span> <span class='ocrx_word' id='word_1_202' title='bbox 682 2353 788 2416; x_wconf 78' lang='lat' dir='ltr'><strong>Cicero</strong></span> <span class='ocrx_word' id='word_1_203' title='bbox 803 2374 854 2417; x_wconf 91' lang='lat' dir='ltr'><strong>sua</strong></span> <span class='ocrx_word' id='word_1_204' title='bbox 870 2358 935 2435; x_wconf 89' lang='lat' dir='ltr'><strong>ipse</strong></span> <span class='ocrx_word' id='word_1_205' title='bbox 953 2374 1080 2435; x_wconf 89' lang='lat' dir='ltr'><strong>persona</strong></span> 
     </span>
     <span class='ocr_line' id='line_1_26' title="bbox 72 2439 1080 2520; baseline 0 -20"><span class='ocrx_word' id='word_1_206' title='bbox 72 2441 310 2518; x_wconf 80' lang='lat' dir='ltr'><strong>frequentissime</strong></span> <span class='ocrx_word' id='word_1_207' title='bbox 330 2442 486 2520; x_wconf 89' lang='lat' dir='ltr'><strong>praecipit,</strong></span> <span class='ocrx_word' id='word_1_208' title='bbox 515 2441 584 2519; x_wconf 92' lang='lat' dir='ltr'><strong>quin</strong></span> <span class='ocrx_word' id='word_1_209' title='bbox 612 2442 698 2500; x_wconf 89' lang='lat' dir='ltr'><strong>etiam</strong></span> <span class='ocrx_word' id='word_1_210' title='bbox 722 2439 813 2500; x_wconf 92' lang='lat' dir='ltr'><strong>libros</strong></span> <span class='ocrx_word' id='word_1_211' title='bbox 838 2440 967 2500; x_wconf 88' lang='lat' dir='ltr'><strong>Platonis</strong></span> <span class='ocrx_word' id='word_1_212' title='bbox 993 2451 1080 2519; x_wconf 91' lang='lat' dir='ltr'><strong>atque</strong></span> 
     </span>
     <span class='ocr_line' id='line_1_27' title="bbox 73 2520 1079 2603; baseline -0.001 -20"><span class='ocrx_word' id='word_1_213' title='bbox 73 2523 275 2602; x_wconf 85' lang='lat' dir='ltr'><strong>Xenophontis</strong></span> <span class='ocrx_word' id='word_1_214' title='bbox 298 2524 387 2585; x_wconf 89' lang='lat' dir='ltr'><strong>edidit</strong></span> <span class='ocrx_word' id='word_1_215' title='bbox 406 2525 464 2585; x_wconf 92' lang='lat' dir='ltr'><strong>hoc</strong></span> <span class='ocrx_word' id='word_1_216' title='bbox 483 2542 595 2602; x_wconf 77' lang='lat' dir='ltr'><strong>genere</strong></span> <span class='ocrx_word' id='word_1_217' title='bbox 607 2520 774 2585; x_wconf 88' lang='lat' dir='ltr'><strong>translatos.</strong></span> <span class='ocrx_word' id='word_1_218' title='bbox 809 2522 842 2582; x_wconf 92' lang='lat' dir='ltr'><strong>ld</strong></span> <span class='ocrx_word' id='word_1_219' title='bbox 856 2520 1001 2582; x_wconf 81' lang='lat' dir='ltr'><strong>Messalae</strong></span> <span class='ocrx_word' id='word_1_220' title='bbox 1017 2524 1079 2603; x_wconf 92' lang='lat' dir='ltr'><strong>pla·</strong></span> 
     </span>
     <span class='ocr_line' id='line_1_28' title="bbox 74 2606 1079 2687; baseline -0.001 -20"><span class='ocrx_word' id='word_1_221' title='bbox 74 2609 133 2667; x_wconf 91' lang='lat' dir='ltr'><strong>cuit</strong></span> <span class='ocrx_word' id='word_1_222' title='bbox 135 2607 324 2686; x_wconf 87' lang='lat' dir='ltr'><strong>,multaeque</strong></span> <span class='ocrx_word' id='word_1_223' title='bbox 338 2617 404 2667; x_wconf 91' lang='lat' dir='ltr'><strong>sunt</strong></span> <span class='ocrx_word' id='word_1_224' title='bbox 418 2607 454 2668; x_wconf 92' lang='lat' dir='ltr'><strong>ab</strong></span> <span class='ocrx_word' id='word_1_225' title='bbox 466 2624 503 2668; x_wconf 91' lang='lat' dir='ltr'><strong>eo</strong></span> <span class='ocrx_word' id='word_1_226' title='bbox 514 2608 641 2687; x_wconf 91' lang='lat' dir='ltr'><strong>scriptae</strong></span> <span class='ocrx_word' id='word_1_227' title='bbox 655 2606 690 2668; x_wconf 91' lang='lat' dir='ltr'><strong>ad</strong></span> <span class='ocrx_word' id='word_1_228' title='bbox 702 2607 778 2667; x_wconf 90' lang='lat' dir='ltr'><strong>hunc</strong></span> <span class='ocrx_word' id='word_1_229' title='bbox 790 2606 904 2666; x_wconf 92' lang='lat' dir='ltr'><strong>modum</strong></span> <span class='ocrx_word' id='word_1_230' title='bbox 920 2608 1079 2684; x_wconf 89' lang='lat' dir='ltr'><strong>orationes,</strong></span> 
     </span>
     <span class='ocr_line' id='line_1_29' title="bbox 74 2685 1080 2771; baseline -0.001 -20"><span class='ocrx_word' id='word_1_231' title='bbox 74 2691 148 2751; x_wconf 87' lang='lat' dir='ltr'><strong>adeo</strong></span> <span class='ocrx_word' id='word_1_232' title='bbox 164 2700 195 2750; x_wconf 89' lang='lat' dir='ltr'><strong>ut</strong></span> <span class='ocrx_word' id='word_1_233' title='bbox 211 2692 297 2751; x_wconf 89' lang='lat' dir='ltr'><strong>etiam</strong></span> <span class='ocrx_word' id='word_1_234' title='bbox 316 2709 380 2752; x_wconf 89' lang='lat' dir='ltr'><strong>cum</strong></span> <span class='ocrx_word' id='word_1_235' title='bbox 394 2691 446 2752; x_wconf 92' lang='lat' dir='ltr'><strong>illa</strong></span> <span class='ocrx_word' id='word_1_236' title='bbox 461 2690 617 2770; x_wconf 90' lang='lat' dir='ltr'><strong>llyperidis</strong></span> <span class='ocrx_word' id='word_1_237' title='bbox 632 2708 686 2771; x_wconf 91' lang='lat' dir='ltr'><strong>pro</strong></span> <span class='ocrx_word' id='word_1_238' title='bbox 705 2685 819 2766; x_wconf 77' lang='lat' dir='ltr'><strong>Phryne</strong></span> <span class='ocrx_word' id='word_1_239' title='bbox 838 2689 1006 2750; x_wconf 85' lang='lat' dir='ltr'><strong>difficillima</strong></span> <span class='ocrx_word' id='word_1_240' title='bbox 1021 2689 1080 2750; x_wconf 85' lang='lat' dir='ltr'><strong>Ro</strong></span> 
     </span>
     <span class='ocr_line' id='line_1_30' title="bbox 72 2773 1110 2838; baseline 0.004 -4"><span class='ocrx_word' id='word_1_241' title='bbox 72 2777 163 2836; x_wconf 90' lang='lat' dir='ltr'><strong>mauis</strong></span> <span class='ocrx_word' id='word_1_242' title='bbox 179 2774 337 2836; x_wconf 84' lang='lat' dir='ltr'><strong>subtilitate</strong></span> <span class='ocrx_word' id='word_1_243' title='bbox 353 2774 553 2835; x_wconf 87' lang='lat' dir='ltr'><strong>contenderet.</strong></span> <span class='ocrx_word' id='word_1_244' title='bbox 579 2773 617 2835; x_wconf 89' lang='lat' dir='ltr'><strong>Et</strong></span> <span class='ocrx_word' id='word_1_245' title='bbox 627 2774 780 2835; x_wconf 84' lang='lat' dir='ltr'><strong>manifesta</strong></span> <span class='ocrx_word' id='word_1_246' title='bbox 800 2782 845 2835; x_wconf 88' lang='lat' dir='ltr'><strong>est</strong></span> <span class='ocrx_word' id='word_1_247' title='bbox 863 2775 1110 2838; x_wconf 80' lang='lat' dir='ltr'><strong>exercitationis3</strong></span> 
     </span>
     <span class='ocr_line' id='line_1_31' title="bbox 72 2857 1176 2940; baseline 0.001 -22"><span class='ocrx_word' id='word_1_248' title='bbox 72 2859 194 2920; x_wconf 89' lang='lat' dir='ltr'><strong>huiusce</strong></span> <span class='ocrx_word' id='word_1_249' title='bbox 216 2862 300 2920; x_wconf 91' lang='lat' dir='ltr'><strong>ratio.</strong></span> <span class='ocrx_word' id='word_1_250' title='bbox 328 2859 400 2920; x_wconf 86' lang='lat' dir='ltr'><strong>Nam</strong></span> <span class='ocrx_word' id='word_1_251' title='bbox 412 2867 440 2920; x_wconf 90' lang='lat' dir='ltr'><strong>et</strong></span> <span class='ocrx_word' id='word_1_252' title='bbox 452 2877 548 2940; x_wconf 78' lang='lat' dir='ltr'><strong>rerum</strong></span> <span class='ocrx_word' id='word_1_253' title='bbox 565 2860 649 2939; x_wconf 88' lang='lat' dir='ltr'><strong>copia</strong></span> <span class='ocrx_word' id='word_1_254' title='bbox 666 2857 770 2919; x_wconf 86' lang='lat' dir='ltr'><strong>Graeci</strong></span> <span class='ocrx_word' id='word_1_255' title='bbox 784 2867 920 2920; x_wconf 90' lang='lat' dir='ltr'><strong>auctores</strong></span> <span class='ocrx_word' id='word_1_256' title='bbox 936 2857 1081 2921; x_wconf 87' lang='lat' dir='ltr'><strong>abundant</strong></span> <span class='ocrx_word' id='word_1_257' title='bbox 1173 2924 1176 2931; x_wconf 57' lang='grc'><em>,</em></span> 
     </span>
     <span class='ocr_line' id='line_1_32' title="bbox 74 2941 1183 3022; baseline 0.002 -19"><span class='ocrx_word' id='word_1_258' title='bbox 74 2952 103 3003; x_wconf 89' lang='lat' dir='ltr'><strong>et</strong></span> <span class='ocrx_word' id='word_1_259' title='bbox 120 2944 271 3022; x_wconf 91' lang='lat' dir='ltr'><strong>plurimum</strong></span> <span class='ocrx_word' id='word_1_260' title='bbox 287 2946 355 3005; x_wconf 90' lang='lat' dir='ltr'><strong>artis</strong></span> <span class='ocrx_word' id='word_1_261' title='bbox 378 2945 407 3004; x_wconf 93' lang='lat' dir='ltr'><strong>in</strong></span> <span class='ocrx_word' id='word_1_262' title='bbox 429 2944 625 3022; x_wconf 83' lang='lat' dir='ltr'><strong>eloquentiam</strong></span> <span class='ocrx_word' id='word_1_263' title='bbox 642 2941 813 3020; x_wconf 87' lang='lat' dir='ltr'><strong>intulerunt,</strong></span> <span class='ocrx_word' id='word_1_264' title='bbox 835 2952 864 3003; x_wconf 92' lang='lat' dir='ltr'><strong>et</strong></span> <span class='ocrx_word' id='word_1_265' title='bbox 885 2941 940 3004; x_wconf 93' lang='lat' dir='ltr'><strong>hos</strong></span> <span class='ocrx_word' id='word_1_266' title='bbox 958 2943 1080 3004; x_wconf 85' lang='lat' dir='ltr'><strong>transle·</strong></span> <span class='ocrx_word' id='word_1_267' title='bbox 1176 2941 1183 2969; x_wconf 83' lang='lat'><em>&#39;</em></span> 
     </span>
     <span class='ocr_line' id='line_1_33' title="bbox 73 3026 1180 3109; baseline 0.004 -24"><span class='ocrx_word' id='word_1_268' title='bbox 73 3026 202 3087; x_wconf 88' lang='lat' dir='ltr'><strong>rentibus</strong></span> <span class='ocrx_word' id='word_1_269' title='bbox 214 3028 312 3089; x_wconf 87' lang='lat' dir='ltr'><strong>verbis</strong></span> <span class='ocrx_word' id='word_1_270' title='bbox 327 3030 367 3088; x_wconf 90' lang='lat' dir='ltr'><strong>uti</strong></span> <span class='ocrx_word' id='word_1_271' title='bbox 383 3030 498 3109; x_wconf 90' lang='lat' dir='ltr'><strong>optimis</strong></span> <span class='ocrx_word' id='word_1_272' title='bbox 516 3027 595 3105; x_wconf 88' lang='lat' dir='ltr'><strong>licet,</strong></span> <span class='ocrx_word' id='word_1_273' title='bbox 617 3027 748 3088; x_wconf 92' lang='lat' dir='ltr'><strong>omnibus</strong></span> <span class='ocrx_word' id='word_1_274' title='bbox 760 3028 835 3089; x_wconf 89' lang='lat' dir='ltr'><strong>enim</strong></span> <span class='ocrx_word' id='word_1_275' title='bbox 847 3029 950 3088; x_wconf 90' lang='lat' dir='ltr'><strong>utimur</strong></span> <span class='ocrx_word' id='word_1_276' title='bbox 961 3031 1078 3088; x_wconf 89' lang='lat' dir='ltr'><strong>uostris.</strong></span> <span class='ocrx_word' id='word_1_277' title='bbox 1172 3083 1180 3101; x_wconf 81' lang='grc'><strong>,</strong></span> 
     </span>
     <span class='ocr_line' id='line_1_34' title="bbox 72 3107 1078 3192; baseline 0.003 -24"><span class='ocrx_word' id='word_1_278' title='bbox 72 3107 195 3186; x_wconf 78' lang='lat' dir='ltr'><strong>Figuras</strong></span> <span class='ocrx_word' id='word_1_279' title='bbox 211 3130 295 3189; x_wconf 89' lang='lat' dir='ltr'><strong>vero,</strong></span> <span class='ocrx_word' id='word_1_280' title='bbox 312 3114 415 3192; x_wconf 93' lang='lat' dir='ltr'><strong>quibus</strong></span> <span class='ocrx_word' id='word_1_281' title='bbox 432 3114 556 3175; x_wconf 85' lang='lat' dir='ltr'><strong>maxime</strong></span> <span class='ocrx_word' id='word_1_282' title='bbox 573 3121 690 3172; x_wconf 89' lang='lat' dir='ltr'><strong>ornatur</strong></span> <span class='ocrx_word' id='word_1_283' title='bbox 702 3112 805 3190; x_wconf 92' lang='lat' dir='ltr'><strong>oratio,</strong></span> <span class='ocrx_word' id='word_1_284' title='bbox 820 3111 925 3173; x_wconf 88' lang='lat' dir='ltr'><strong>multas</strong></span> <span class='ocrx_word' id='word_1_285' title='bbox 937 3130 972 3172; x_wconf 87' lang='lat' dir='ltr'><strong>ac</strong></span> <span class='ocrx_word' id='word_1_286' title='bbox 984 3114 1078 3173; x_wconf 88' lang='lat' dir='ltr'><strong>varias</strong></span> 
     </span>
     <span class='ocr_line' id='line_1_35' title="bbox 74 3195 1080 3276; baseline 0.002 -23"><span class='ocrx_word' id='word_1_287' title='bbox 74 3195 260 3271; x_wconf 80' lang='lat' dir='ltr'><strong>excogitandi</strong></span> <span class='ocrx_word' id='word_1_288' title='bbox 276 3199 361 3257; x_wconf 87' lang='lat' dir='ltr'><strong>etiam</strong></span> <span class='ocrx_word' id='word_1_289' title='bbox 378 3199 539 3258; x_wconf 87' lang='lat' dir='ltr'><strong>necessitas</strong></span> <span class='ocrx_word' id='word_1_290' title='bbox 556 3196 696 3275; x_wconf 88' lang='lat' dir='ltr'><strong>quaedam</strong></span> <span class='ocrx_word' id='word_1_291' title='bbox 713 3205 775 3273; x_wconf 91' lang='lat' dir='ltr'><strong>est,</strong></span> <span class='ocrx_word' id='word_1_292' title='bbox 794 3199 860 3275; x_wconf 89' lang='lat' dir='ltr'><strong>quia</strong></span> <span class='ocrx_word' id='word_1_293' title='bbox 876 3197 1047 3276; x_wconf 87' lang='lat' dir='ltr'><strong>plerumque</strong></span> <span class='ocrx_word' id='word_1_294' title='bbox 1063 3214 1080 3255; x_wconf 90' lang='lat' dir='ltr'><strong>a</strong></span> 
     </span>
     <span class='ocr_line' id='line_1_36' title="bbox 73 3276 535 3342; baseline 0.002 -4"><span class='ocrx_word' id='word_1_295' title='bbox 73 3277 194 3339; x_wconf 86' lang='lat' dir='ltr'><strong>Graecis</strong></span> <span class='ocrx_word' id='word_1_296' title='bbox 211 3276 340 3340; x_wconf 85' lang='lat' dir='ltr'><strong>Romana</strong></span> <span class='ocrx_word' id='word_1_297' title='bbox 355 3280 535 3342; x_wconf 85' lang='lat' dir='ltr'><strong>dissentiunt.</strong></span> 
     </span>
    </p>

    <p class='ocr_par' dir='ltr' id='par_1_6' title="bbox 74 3362 1107 3527">
     <span class='ocr_line' id='line_1_37' title="bbox 158 3362 1107 3442; baseline 0.006 -19"><span class='ocrx_word' id='word_1_298' title='bbox 158 3362 218 3423; x_wconf 87' lang='lat' dir='ltr'><strong>Sed</strong></span> <span class='ocrx_word' id='word_1_299' title='bbox 241 3372 270 3424; x_wconf 90' lang='lat' dir='ltr'><strong>et</strong></span> <span class='ocrx_word' id='word_1_300' title='bbox 292 3363 343 3424; x_wconf 88' lang='lat' dir='ltr'><strong>illa</strong></span> <span class='ocrx_word' id='word_1_301' title='bbox 365 3382 409 3424; x_wconf 81' lang='lat' dir='ltr'><strong>ax</strong></span> <span class='ocrx_word' id='word_1_302' title='bbox 428 3364 569 3425; x_wconf 86' lang='lat' dir='ltr'><strong>Latinis</strong></span> <span class='ocrx_word' id='word_1_303' title='bbox 593 3366 795 3425; x_wconf 81' lang='lat' dir='ltr'><strong>conversio</strong></span> <span class='ocrx_word' id='word_1_304' title='bbox 819 3364 935 3424; x_wconf 92' lang='lat' dir='ltr'><strong>multum</strong></span> <span class='ocrx_word' id='word_1_305' title='bbox 965 3372 993 3423; x_wconf 92' lang='lat' dir='ltr'><strong>et</strong></span> <span class='ocrx_word' id='word_1_306' title='bbox 1014 3366 1107 3442; x_wconf 73' lang='lat' dir='ltr'><strong>ipsal</strong></span> 
     </span>
     <span class='ocr_line' id='line_1_38' title="bbox 74 3446 1085 3527; baseline -0.004 -23"><span class='ocrx_word' id='word_1_307' title='bbox 74 3446 238 3508; x_wconf 88' lang='lat' dir='ltr'><strong>contulerit.</strong></span> <span class='ocrx_word' id='word_1_308' title='bbox 278 3446 323 3506; x_wconf 81' lang='lat' dir='ltr'><strong>Ac</strong></span> <span class='ocrx_word' id='word_1_309' title='bbox 344 3446 380 3507; x_wconf 92' lang='lat' dir='ltr'><strong>de</strong></span> <span class='ocrx_word' id='word_1_310' title='bbox 404 3447 574 3509; x_wconf 83' lang='lat' dir='ltr'><strong>carminibus</strong></span> <span class='ocrx_word' id='word_1_311' title='bbox 596 3449 712 3527; x_wconf 87' lang='lat' dir='ltr'><strong>quidem</strong></span> <span class='ocrx_word' id='word_1_312' title='bbox 733 3449 881 3509; x_wconf 85' lang='lat' dir='ltr'><strong>nemiuem</strong></span> <span class='ocrx_word' id='word_1_313' title='bbox 896 3446 992 3506; x_wconf 78' lang='lat' dir='ltr'><strong>credo</strong></span> <span class='ocrx_word' id='word_1_314' title='bbox 1007 3447 1085 3501; x_wconf 64' lang='lat' dir='ltr'><strong>axam</strong></span> 
     </span>
    </p>

    <p class='ocr_par' dir='ltr' id='par_1_7' title="bbox 114 3528 1150 3602">
     <span class='ocr_line' id='line_1_39' title="bbox 114 3528 1150 3602; baseline -0.006 -12"><span class='ocrx_word' id='word_1_315' title='bbox 114 3551 145 3590; x_wconf 88' lang='lat' dir='ltr'><strong>u.</strong></span> <span class='ocrx_word' id='word_1_316' title='bbox 157 3552 182 3591; x_wconf 86' lang='lat' dir='ltr'><strong>r.</strong></span> <span class='ocrx_word' id='word_1_317' title='bbox 195 3551 307 3602; x_wconf 80' lang='lat' dir='ltr'><strong>parurn,</strong></span> <span class='ocrx_word' id='word_1_318' title='bbox 320 3535 353 3590; x_wconf 91' lang='lat' dir='ltr'><strong>ll.</strong></span> <span class='ocrx_word' id='word_1_319' title='bbox 503 3545 509 3556; x_wconf 66' lang='lat'>⁸</span> <span class='ocrx_word' id='word_1_320' title='bbox 907 3528 956 3585; x_wconf 66' lang='grc' dir='ltr'><strong>Ὠ.</strong></span> <span class='ocrx_word' id='word_1_321' title='bbox 1104 3558 1150 3600; x_wconf 65' lang='lat' dir='ltr'><em>A</em></span> 
     </span>
    </p>
   </div>
   <div class='ocr_carea' id='block_1_5' title="bbox 0 0 1208 3854">
    <p class='ocr_par' dir='ltr' id='par_1_8' title="bbox 0 0 1208 3854">
     <span class='ocr_line' id='line_1_40' title="bbox 0 0 1208 3854; baseline 0 0"><span class='ocrx_word' id='word_1_322' title='bbox 0 0 1208 3854; x_wconf 95' lang='lat' dir='ltr'><strong> </strong></span> 
     </span>
    </p>
   </div>
  </div>
 </body>
</html>
