2408 3854
381 184 632 234 monoceron.
646 186 783 252 uren,
800 183 827 238 a.
1038 175 1098 235 219

89 340 234 416 linguntur
245 340 413 414 imitatione,
427 348 518 398 artem
529 338 652 408 babent;
672 338 725 399 sed
737 339 765 398 hi
777 349 878 399 carent
888 349 998 416 natura,
1016 341 1097 401 ideo·

89 441 148 501 que
164 423 192 481 in
206 423 240 480 iis
253 424 373 501 primum
388 432 433 482 est
443 421 520 482 bene
536 423 614 482 allici
626 432 655 483 et
668 423 827 500 concipere
844 424 985 500 imagines
1000 442 1097 484 rerum

65 511 69 517 ”
89 516 121 566 et
135 515 269 583 tanquam
282 508 362 566 ueris
381 507 501 566 moveri.
540 507 590 566 Sic
605 506 684 566 velut
704 505 799 565 media
813 522 889 582 vox,
914 524 1001 586 quem
1015 507 1096 567 habi·

89 599 146 649 tum
164 589 280 649 anobis
296 591 461 667 acceperit,
482 588 558 648 hunc
579 590 703 649 iudicum
718 590 818 648 animis
835 589 922 650 dabit.
953 588 1006 649 llst
1022 592 1098 650 enirn

88 674 191 732 mentis
208 673 296 733 index
314 689 350 732 ac
366 672 497 747 totidem,
516 681 586 750 quot
603 672 663 748 illa,
679 673 852 733 mutationes
867 672 966 733 habet.
996 673 1139 754 ltaqueoa

88 757 174 817 laetis
195 759 224 816 in
238 755 327 815 rebus
342 755 429 833 plena
445 764 475 815 et
492 754 616 853 simplex
638 757 746 834 etipsa
764 756 976 834 quodammodo
997 756 1096 817 bilaris

87 841 163 906 duit;
187 840 215 897 in
231 840 387 898 certamine
404 847 505 898 erecta
520 839 590 898 totis
607 837 717 897 viribus
738 848 767 898 et
783 840 865 900 uelut
883 841 1015 901 omnibus
1030 860 1096 901 ner·

86 925 131 981 vis
156 923 320 981 intenditur.
357 921 480 981 Atrox
471 939 499 981 ru
520 924 563 981 ira
588 930 617 981 el
640 938 745 1000 aspera
768 940 803 982 ac
818 925 909 985 densa
927 935 955 984 et
969 927 1096 1004 respira·

86 1008 166 1065 tione
189 1005 303 1065 crebra.
336 1003 441 1085 Neque
460 1007 535 1064 enim
550 1013 648 1083 potest
666 1023 733 1064 esse
751 1005 856 1083 longus
873 1010 1008 1086 spiritus,
1032 1028 1097 1070 cum

86 1088 274 1149 immoderate
297 1088 459 1149 effunditur.
501 1088 651 1149 Paulum
641 1107 671 1148 ru
691 1088 799 1150 invidia
822 1091 956 1152 iacienda
978 1092 1095 1167 lentior,

86 1175 153 1251 quia
174 1189 232 1232 non
253 1173 318 1232 iere
340 1172 377 1232 ad
392 1171 467 1233 banc
482 1173 537 1232 nisi
552 1171 708 1232 inferiores
728 1173 910 1251 confugiunt3
932 1176 1001 1234 atin
1015 1175 1096 1235 blan·

86 1258 208 1333 diendo,
225 1256 363 1332 latendo,
381 1256 604 1333 satisfaciendo,
627 1257 777 1334 rogando,
800 1257 875 1317 leuis
891 1267 921 1318 et
936 1260 1095 1318 summissa.

85 1341 270 1400 Suadentium
299 1350 328 1400 et
348 1343 524 1400 monentium
548 1349 577 1401 et
604 1340 802 1419 pollicentium
830 1351 861 1401 et
888 1342 1139 1413 consolantiumol

84 1425 193 1501 gravis.
223 1423 256 1482 ln
272 1432 390 1483 metuet
404 1424 582 1485 verecundia
597 1433 757 1500 contracta,
772 1425 1022 1486 adhortationibus
1037 1425 1095 1486 ior·

85 1510 133 1581 tis,
153 1505 393 1585 disputationibus
408 1517 499 1584 teres,
515 1508 701 1569 miseratione
717 1506 794 1569 llexa
811 1518 840 1568 et
856 1508 964 1570 debilis
980 1518 1009 1569 et
1028 1527 1095 1569 con-

85 1590 162 1650 sulto
185 1591 267 1668 quasi
293 1589 461 1658 obscurior;
485 1600 513 1650 at
537 1593 566 1651 in
592 1591 813 1669 egressionibus
835 1593 898 1654 iusa
921 1603 951 1653 et
972 1611 1095 1653 securae

86 1674 241 1749 claritatis,
267 1675 296 1757 in
313 1675 497 1751 expositione
519 1692 556 1734 ac
577 1674 759 1735 sermonibus
779 1686 861 1736 recta
887 1686 916 1736 et
938 1678 1013 1736 iuter
1028 1695 1095 1736 acu·

84 1767 143 1816 tum
165 1775 266 1820 sonum
288 1764 318 1816 et
335 1773 455 1833 gravem
477 1757 581 1819 media.
611 1756 762 1818 Attollitur
776 1769 871 1819 autem
887 1761 1038 1819 concitatis
1053 1759 1142 1819 abab

85 1840 228 1917 lectibus,
253 1841 422 1918 compositis
437 1840 590 1901 descendit
606 1857 661 1919 pro
677 1843 826 1920 utriusque
843 1843 887 1902 rei
903 1842 990 1903 modo
1011 1842 1096 1902 altius

84 1923 134 1982 vel
149 1925 279 1983 inferius.

172 2006 246 2082 Quid
267 2016 361 2069 autem
377 2009 499 2087 quisque
523 2008 551 2067 in
570 2007 694 2068 dicendo
712 2008 841 2087 postulet
859 2009 959 2086 locus,
981 2010 1095 2088 paulum

84 2091 234 2169 differam,
262 2102 292 2152 ut
315 2092 352 2152 de
373 2101 480 2169 gestu
500 2093 580 2170 prius
602 2091 711 2168 dicam,
739 2093 788 2171 qui
811 2101 840 2153 et
861 2094 926 2173 ipse
943 2095 1011 2154 voci
1026 2110 1095 2153 con-

85 2177 171 2235 sentit
194 2185 223 2236 et
243 2178 337 2236 animo
359 2194 423 2236 cum
443 2193 479 2236 ea
501 2175 586 2236 simul
610 2185 703 2255 paret.
733 2174 762 2236 ls
783 2186 919 2256 quantum
940 2177 1046 2237 habeat
1067 2180 1096 2236 in

84 2269 201 2321 oratore
218 2260 363 2336 momenti,
380 2260 452 2321 satis
466 2258 515 2320 rel
531 2277 569 2319 ex
585 2276 622 2319 eo
638 2269 735 2338 patet,
755 2260 835 2340 quod
851 2262 994 2341 pleraque
1010 2263 1096 2322 etiam

84 2344 155 2404 citra
175 2343 268 2404 verba
294 2344 446 2423 significat
483 2342 600 2424 Quippe
622 2361 680 2404 non
703 2361 803 2405 manus
825 2345 918 2405 solum
942 2344 996 2404 sed
1012 2351 1137 2407 nntus66

85 2429 171 2488 etiam
188 2427 337 2488 declarant
352 2437 480 2488 nostram
499 2427 676 2488 voluntatem
699 2431 753 2487 et
744 2446 773 2487 m
787 2430 872 2488 mutis
888 2445 943 2508 pro
959 2446 1094 2489 sermone

85 2520 161 2585 sunt,
178 2519 208 2571 et
222 2511 336 2571 saltatio
351 2512 559 2591 frequenter
536 2530 598 2571 sme
609 2529 685 2572 voce
701 2512 872 2589 intelligitur
888 2520 976 2589 atque
993 2507 1093 2586 allicit,

85 2603 173 2653 etex
194 2593 311 2653 vultu
303 2612 495 2673 ingressuque
522 2596 698 2693 perspicitur
719 2594 835 2655 babitus
856 2595 1032 2662 animorum;
1066 2604 1095 2654 et
1189 2590 1194 2597 ’

84 2677 248 2738 animalium
269 2694 384 2756 quoqne
407 2695 541 2737 sermone
563 2679 743 2757 carentium'
735 2695 793 2755 rra,
818 2677 943 2753 laetitia,
968 2677 1093 2738 adulatio

84 2771 114 2821 et
137 2759 231 2821 oculis
253 2770 282 2821 et
303 2759 474 2841 quibusdam
497 2760 561 2821 aliis
585 2762 719 2840 corporis
741 2761 832 2838 signis
855 2760 1092 2839 deprehenditur.

82 2844 148 2906 Nec
162 2846 278 2921 mirum,
303 2846 328 2903 si
343 2847 416 2920 ista,
441 2861 516 2923 quae
532 2853 628 2905 tamen
644 2846 673 2904 in
688 2845 786 2922 aliquo
803 2846 898 2924 posita
919 2855 985 2905 sunt
1004 2855 1135 2922 mutuor

82 2937 190 2989 tautum
205 2930 234 2990 in
249 2929 349 2990 animis
363 2927 481 3004 valent,
498 2946 563 2989 cum
577 2930 708 3008 pictura,
726 2938 829 2989 tacens
844 2946 918 3008 opus
937 2937 965 2989 et
979 2928 1093 2990 babitus

85 3029 204 3091 semper
224 3014 371 3089 eiusdem,
395 3013 438 3072 sic
461 3013 489 3071 in
509 3012 623 3072 intimos
637 3022 774 3092 penetret
791 3013 930 3089 allectus,
953 3021 986 3071 ut
1000 3014 1093 3092 ipsam

83 3097 140 3155 uim
158 3095 273 3157 dicendi
287 3114 488 3175 nonuunquam
503 3113 643 3174 superare
657 3096 797 3157 videatur.
826 3096 935 3157 Contra
950 3098 975 3155 si
990 3105 1093 3174 gestus

82 3196 120 3239 ac
133 3178 229 3238 vultus
245 3179 282 3240 ab
298 3181 429 3243 oratioue
445 3180 628 3257 dissentiant,
646 3181 739 3240 tristia
756 3181 884 3240 dicamus
900 3178 1026 3254 hilares,
1049 3178 1091 3239 ai·

84 3262 229 3322 firmemus
250 3262 346 3342 aliqua
365 3272 539 3325 renuentes:
567 3280 625 3324 non
645 3266 801 3324 auctoritas
821 3263 908 3323 modo
922 3260 1021 3321 verbis
1037 3260 1091 3321 sed

84 3346 170 3406 etiam
191 3345 265 3407 fides
288 3346 372 3407 desit.
408 3346 510 3408 Decor
532 3364 649 3427 quoque
670 3348 788 3424 agestn
805 3356 891 3424 atque
913 3354 1023 3406 amatu
1038 3362 1089 3405 ve·

83 3430 133 3489 nit
163 3429 294 3509 Ideoque
311 3421 525 3491 Demosthenes
547 3429 658 3507 mande
680 3429 824 3508 quoddam
847 3431 962 3488 intuens
984 3436 1143 3502 specu-ts}
