2408 3854
332 177 825 244 mss.onnnorr.ms.x11,5.6.
1022 169 1082 234 253

80 342 227 414 stantiam,
256 338 407 412 liduoiam,
440 336 635 396 fortitudinem
659 335 730 396 nihil
756 353 820 411 ars,
851 335 920 397 nihil
950 336 1082 413 studium,

78 424 148 485 nihil
163 422 314 503 proiectus
330 421 394 500 ipse
411 421 569 500 proluerit;
595 428 626 479 ut
642 421 667 479 si
689 419 742 479 des
758 437 836 480 arma
852 418 958 479 timidis
981 428 1011 479 et
1032 421 1083 479 im-

78 507 215 569 hellihus.
248 505 357 567 lnvitus
379 503 548 564 mehercule
572 504 654 580 dico,
678 504 813 582 qnoniam
833 511 863 562 et
883 502 968 564 alitor
989 505 1084 582 accipi

77 601 191 671 potest,
213 592 305 669 ipsam
321 589 542 664 verecundiam,
563 590 661 648 vitium
677 587 792 665 quidem
812 587 866 648 sed
887 586 1029 663 amabile,
1055 596 1085 646 et

78 694 153 755 quae
168 676 291 735 virtutos
314 672 453 750 facillime
468 681 610 749 generet,
634 688 702 731 esse
717 673 791 731 inter
807 670 947 747 adversa,
973 670 1083 731 multis-

78 777 135 839 que
156 761 185 819 in
209 775 295 818 causa
311 757 419 833 inisse,
443 764 475 816 ut
490 755 566 816 hona
587 755 695 833 ingenii
710 755 854 834 studiique
870 757 899 815 in
914 755 1010 816 lucem
1026 772 1084 815 non

77 843 192 922 prolata
207 843 263 901 situ
280 841 404 919 quodam
420 841 528 899 secreti
544 847 792 899 consumerentur.
823 839 904 901 Sciat
925 849 1038 916 autem,
1059 840 1112 903 sid

79 929 143 1006 quis
161 926 236 987 haee
257 925 334 985 forte
349 925 442 984 minus
463 923 557 984 adhuc
572 925 683 1002 peritus
699 922 893 1001 distinguendi
908 925 966 983 vim
989 925 1082 984 ouius·

78 1030 135 1090 que
150 1009 236 1070 verbi
251 1009 351 1087 leget,
373 1025 431 1069 non
445 1007 620 1086 probitatem
637 1024 654 1068 a
672 1025 719 1068 me
740 1007 918 1086 reprehendi
934 1007 987 1068 sed
1000 1026 1084 1069 vere-

80 1095 332 1172 cundiam,·quae
355 1101 401 1152 est
421 1093 507 1152 timor
527 1092 642 1171 quidam
662 1091 810 1152 reducens
834 1093 956 1153 animum
976 1092 1013 1152 ah
1035 1094 1082 1168 iis,

76 1198 152 1259 quae
172 1176 306 1238 iacienda
327 1185 409 1253 sunt,
433 1175 508 1236 unde
533 1177 666 1237 conlusio
688 1183 718 1236 et
736 1179 835 1255 coepti
858 1177 1037 1255 poenitentia
1055 1185 1085 1237 et

76 1263 201 1323 subitum
228 1261 382 1323 silentium.
421 1259 492 1335 Quis
519 1277 609 1339 porro
631 1259 743 1321 duhitet
763 1261 840 1320 vitiis
868 1259 1017 1321 ascribere
1042 1259 1084 1320 ai·

76 1347 203 1421 lectum,
231 1354 354 1425 propter
376 1362 462 1424 quem
482 1345 583 1405 iacere
606 1344 730 1405 honesta
751 1341 865 1423 pudet?
895 1343 999 1423 Neque
1025 1351 1112 1422 egos

77 1448 179 1490 rursus
200 1430 270 1490 nolo
291 1447 373 1504 enm,
397 1431 445 1507 qui
461 1430 498 1488 sit
513 1428 660 1505 dicturus,
685 1437 715 1489 et
737 1429 895 1489 sollicitum
916 1447 1039 1507 surgere
1055 1438 1086 1488 et

77 1514 211 1575 colorem
225 1523 336 1574 mutare
360 1521 390 1572 et
404 1513 566 1590 periculum
587 1513 769 1591 intelligere;
795 1531 870 1593 quae
889 1514 985 1574 sinon
1005 1514 1082 1575 aeci·

77 1598 160 1673 dent,
185 1599 270 1657 etiam
291 1595 451 1657 simulanda
473 1604 565 1656 erunt.
604 1597 664 1659 Sed
679 1597 845 1659 intellectus
867 1598 914 1657 hic
931 1599 968 1658 sit
984 1599 1082 1677 operis

76 1698 135 1744 non
150 1690 260 1757 metus,
286 1696 511 1759 mereamurque
528 1697 586 1740 non
604 1679 800 1741 concidamus.
838 1679 952 1760 Optima
972 1690 1017 1741 est
1035 1699 1082 1741 au·

58 1777 136 1828 tem
159 1765 320 1826 emendatio
342 1764 538 1825 verocundiae
561 1763 680 1840 liducia,
705 1771 735 1823 et
756 1764 915 1843 quemlihet
936 1763 1082 1824 imbecilla

76 1849 158 1910 irons
175 1867 281 1927 magna
299 1849 477 1909 conscientia
493 1849 659 1908 sustinetur.

163 1935 234 1993 Sunt
259 1941 288 1993 ot
310 1932 466 2007 naturalia,
490 1940 631 2011 utsupra
652 1932 728 2008 dixi,
751 1949 827 2012 quae
848 1941 942 1993 tamen
965 1940 995 1992 et
1013 1945 1110 1996 curas

76 2019 223 2092 iuvantur,
245 2018 450 2091 instrumenta,
473 2032 563 2092 vox,
586 2016 698 2093 latus,
723 2016 851 2085 decom
876 2033 950 2094 quae
968 2017 1083 2095 quidem

75 2109 183 2162 tantum
201 2101 316 2176 valent,
337 2109 368 2161 ut
389 2099 559 2178 frequenter
575 2099 680 2161 famam
702 2100 811 2178 ingenii
831 2099 947 2161 iaciant.
978 2098 1083 2160 llahuit

77 2195 211 2246 oratores
227 2195 307 2246 aetas
325 2194 425 2245 nostra
442 2186 636 2262 copiosiores,
654 2185 719 2260 sed,
736 2202 800 2245 cum
814 2184 937 2261 diceret,
955 2186 1083 2246 eminere

76 2270 150 2330 inter
170 2266 310 2348 aequales
326 2268 486 2330 Trachalus
507 2269 670 2330 videbatur.
703 2267 747 2331 Ea
768 2269 901 2347 corporis
922 2268 1082 2329 sublimitas

76 2363 155 2429 erat,
175 2355 200 2412 is
216 2354 303 2415 ardor
321 2353 486 2430 oculorum,
502 2353 605 2414 irontis
624 2355 795 2430 auctoritas,
812 2361 915 2431 gestus
932 2361 1081 2432 praestan·

75 2440 133 2511 tia,
153 2454 211 2498 vox
231 2438 347 2516 quioem
362 2455 435 2513 non,
455 2447 486 2498 ut
503 2435 609 2498 cicero
625 2437 792 2513 desiderat,
816 2455 912 2516 paene
924 2437 1081 2515 tragoedo·

74 2539 137 2582 rum
148 2521 201 2580 sed
218 2539 308 2601 super
325 2539 438 2597 omnes,
455 2539 529 2600 quos
546 2539 603 2600 ego
616 2522 731 2600 quidem
744 2522 894 2596 audierim,
912 2520 1081 2598 tragoedos.

76 2603 164 2665 Certe
182 2623 246 2664 enm
261 2605 290 2664 in
304 2604 426 2665 basilica
441 2603 514 2664 lulia
529 2605 641 2666 diceret
655 2607 749 2683 primo
767 2603 918 2679 tribunali,
945 2613 1109 2683 quattuorti

30 2728 32 2734 ν
76 2698 171 2749 autem
188 2689 309 2764 iudicia,
336 2698 365 2748 ut
380 2689 469 2748 moris
486 2697 548 2763 est,
576 2697 768 2766 cogerentur,
794 2697 881 2767 atque
903 2688 998 2748 omnia
1022 2688 1081 2750 ela·

73 2772 202 2833 moribus
219 2771 393 2833 fremerent:
424 2780 453 2831 et
468 2771 593 2832 auditum
609 2790 674 2832 eum
689 2781 719 2832 et
734 2772 915 2833 intellectum
933 2780 979 2849 et,
1003 2774 1082 2852 quod

75 2856 227 2934 agentibus
246 2859 353 2916 octenis
371 2855 692 2917 contumeliosissimum
709 2856 777 2932 init,
801 2855 946 2917 laudatum
962 2873 1081 2937 quoque

75 2959 114 3000 ex
130 2950 266 3020 quattuor
284 2939 473 3001 tribunalibus
488 2941 612 3001 memini.
647 2940 706 3001 Sed
723 2941 781 3002 hoc
796 2950 893 3002 votum
909 2948 955 3001 est
970 2949 1000 3001 et
1016 2959 1081 3002 rara

73 3023 217 3094 solicitam
234 3043 310 3104 quae
326 3027 352 3085 si
367 3042 426 3085 non
442 3026 527 3085 assit:
545 3042 615 3085 saue
632 3025 758 3086 sufficiat
773 3025 809 3086 ab
825 3025 877 3102 iis,
895 3025 1000 3107 quihus
1017 3027 1081 3105 quis

76 3106 158 3182 dicit,
178 3108 278 3168 audiri.
317 3109 396 3170 Talis
413 3127 481 3175 esse
498 3108 702 3170 debetorator
718 3109 836 3171 ethaeo
854 3111 940 3170 scire.

185 3259 271 3320 QUOD
292 3258 342 3310 SIT
361 3261 538 3314 INGlPlllNDI
557 3261 683 3316 CAUSAS
700 3263 811 3316 hGllRll
830 3261 966 3316 TEMPUS.

159 3355 208 3416 Vl.
238 3357 381 3435 Agendi
403 3368 498 3420 autem
520 3363 662 3422 initium
683 3360 849 3426 sinoduhio
866 3360 1023 3421 secundum
1037 3360 1079 3420 vi·

74 3459 122 3500 res
154 3442 294 3522 cuiusque
323 3442 490 3510 sumendum
513 3453 568 3504 est.
606 3442 710 3524 Neque
734 3462 792 3522 ego
814 3460 905 3504 annos
934 3443 1091 3511 deliniam,
