2408 3854
125 184 186 248 220
439 197 477 243 m.
492 196 571 243 unu.
590 194 811 255 Qnmnmnunr

124 352 182 413 lum
200 367 378 430 componere
394 348 537 408 actionem
554 347 684 416 solebat;
706 350 798 424 adeo,
818 350 947 427 quamvis
963 349 1060 427 fulgor
1076 351 1131 412 ille

125 435 256 495 sinistras
272 433 414 509 imagines
428 430 547 507 reddat,
570 432 630 490 suis
646 431 759 492 demum
776 432 869 491 oculis
886 432 1025 509 credidit,
1050 435 1132 512 quod

125 517 268 578 efficeret.
300 516 492 592 Praecipuum
506 531 578 574 vero
600 514 761 591 inactione
779 516 853 576 sicut
873 517 903 576 in
918 532 1045 595 corpore
1060 521 1131 596 ipso

124 610 235 679 caput
255 609 302 660 est
323 617 387 659 cum
404 597 440 658 ad
457 596 554 672 illum,
579 597 615 658 de
633 614 691 676 quo
708 599 784 674 dixi,
805 600 945 659 decorem
967 608 1026 660 tum
1041 602 1129 662 ctiam

80 684 115 739 69
123 685 160 745 ad
175 683 424 760 significationem.
457 679 584 742 Decoris
598 680 649 741 illa
664 691 745 756 sunt,
762 691 793 740 ut
808 682 844 742 sit
861 684 954 761 primo
970 692 1083 744 rectum
1099 695 1134 745 et.

124 768 283 827 secundum
303 774 444 826 naturam.
474 762 546 824 Nam
569 772 598 823 et
620 763 737 825 deiecto
752 765 896 826 humilitas
911 775 941 826 et
962 767 1066 845 supino
1082 785 1128 828 ar·

123 851 256 927 rogantia
271 850 345 910 etin
363 848 439 908 latus
454 846 593 908 inclinato
609 846 733 925 languor
748 857 777 908 ct
792 849 936 926 praeduro
961 867 996 910 ac
1011 851 1132 928 rigente

124 933 258 993 barbaria
276 932 418 1011 quaedam
435 931 540 990 mentis
554 932 723 992 ostenditur.
748 930 830 992 uum
849 933 972 1010 accipiat
987 942 1073 1011 aptos
1089 952 1130 995 ex

125 1017 190 1094 ipso
208 1026 344 1076 sermone
361 1024 473 1091 motus,
495 1023 525 1073 ut
541 1033 605 1075 cum
619 1023 707 1091 gestu
722 1016 883 1077 concordet
898 1024 928 1075 et
944 1015 1129 1077 manibusue

80 1101 115 1158 to
125 1099 266 1161 lateribus
281 1098 470 1177 obsequatur.
499 1096 649 1177 Aspectus
664 1098 738 1158 enim
755 1115 872 1178 semper
888 1098 992 1159 eodem
1007 1100 1129 1161 vertitur

124 1198 181 1260 quo
202 1192 319 1259 gestus,
347 1181 481 1260 exceptis
504 1198 578 1259 quae
602 1190 650 1243 aut
665 1182 802 1243 damnare
819 1192 867 1244 ant
883 1199 940 1243 non
961 1184 1130 1245 concedere

124 1275 171 1326 aut
186 1284 203 1327 a
218 1265 303 1327 nobis
319 1282 473 1326 removere
489 1263 648 1342 oportebit,
664 1274 694 1324 nt
711 1266 787 1325 idem
802 1266 872 1327 illud
885 1266 963 1327 vultu
978 1266 1130 1329 videamur

124 1351 271 1425 aversari,
287 1367 372 1411 manu
388 1347 553 1426 repellere:

251 1466 293 1480 -
306 1431 360 1494 Dr't'
377 1432 468 1494 talem
482 1433 613 1494 avertite
625 1440 750 1510 pestem.

251 1549 294 1559 -
307 1514 402 1576 lluud
416 1515 557 1594 equidem
571 1516 626 1577 tolt'
640 1534 688 1577 nte
703 1517 814 1595 dignor
827 1517 949 1580 ltoaore.

82 1598 274 1676 ttsignilicat
294 1615 367 1658 vero
389 1598 519 1675 plurimis
535 1597 638 1659 modis.
674 1596 748 1661 Nam
763 1608 882 1678 praeter
895 1598 1057 1676 annuendi,
1079 1617 1127 1659 re·

71 1683 80 1691 ”
123 1681 228 1742 nuendi
250 1681 496 1760 confirmandique
516 1690 610 1746 motas
634 1691 699 1746 snut
722 1692 752 1743 et
771 1683 967 1745 verecundiae
991 1691 1022 1745 et
1044 1681 1128 1742 dubi-

123 1765 240 1826 tationis
266 1773 297 1824 et
321 1764 518 1826 admirationis
544 1774 573 1826 et
599 1765 802 1842 indignationis
824 1768 884 1826 noti
908 1774 938 1826 et
959 1783 1129 1827 communes

124 1848 266 1909 omniltus.
289 1848 363 1909 Solo
374 1856 472 1909 tamen
483 1864 519 1908 eo
532 1847 633 1909 lacere
644 1857 758 1925 gestam
771 1850 882 1909 scenici
894 1866 1011 1927 quoque
1024 1849 1126 1918 docto·

123 1950 172 1991 res
183 1933 319 1991 vitiosum
332 1939 514 2010 putaverunt.
544 1930 638 1991 Etiam
650 1932 789 2011 frequens
805 1934 866 1992 cias
879 1941 962 1993 nutus
974 1948 1033 1991 non
1045 1940 1130 1992 caret

123 2015 209 2083 vitio;
238 2016 313 2075 adeo
334 2018 444 2075 iactare
466 2013 495 2074 id
515 2023 546 2073 et
567 2031 665 2076 comas
686 2017 880 2076 excutientem
902 2024 1001 2076 rotare
1024 2015 1128 2079 lanati·

125 2116 187 2157 cum
204 2107 258 2158 est.
697 2134 701 2161 .-

82 2185 115 2242 ta
205 2180 482 2242 Domiuotnrautcm
498 2181 620 2242 maxime
634 2180 767 2242 vultus.
798 2181 861 2242 lloo
876 2182 1044 2260 supplices,
1067 2187 1129 2240 noc

122 2265 265 2339 minaces,
291 2263 349 2324 lroc
365 2263 482 2338 blandi,
502 2264 561 2326 hoo
574 2265 690 2340 tristes,
712 2265 769 2325 lnoc
790 2264 916 2341 lnilsres,
939 2265 996 2326 lroc
1020 2265 1127 2339 erecti,

122 2348 180 2407 loc
194 2347 335 2406 summissi
353 2365 466 2416 sumum
489 2345 547 2407 ltoc
562 2347 691 2426 pendent
703 2346 853 2424 homines,
876 2347 952 2409 lunc
969 2349 1125 2423 intuentur,

123 2431 198 2490 launo
214 2439 364 2508 spectant,
386 2432 470 2491 etiarn
486 2430 789 2509 antepenultimam
810 2431 868 2493 ltoo
890 2431 1031 2511 quosdam
1048 2448 1125 2490 ama·

123 2531 203 2590 mus,
226 2513 284 2574 hoc
299 2513 428 2589 odimus,
455 2514 513 2575 hoc
530 2513 652 2590 plurima
675 2514 879 2593 intelligimus,
904 2515 952 2575 hic
973 2523 1018 2576 est
1032 2530 1127 2591 saepe

13 2628 23 2649 .
82 2597 116 2652 ta
123 2613 176 2674 pro
193 2596 325 2658 omnibus
340 2597 451 2657 uerbis.
481 2596 582 2675 ltaque
598 2598 627 2658 ia
642 2598 694 2673 iis,
719 2615 794 2676 qnae
811 2598 848 2659 ad
871 2615 989 2658 scenam
1004 2612 1126 2675 compo·

123 2689 240 2756 nuntur,
261 2680 367 2748 fabulis
388 2680 518 2741 artifices
536 2681 738 2759 pronuntiandi
760 2682 929 2760 apersonis
944 2698 1060 2760 quaque
1082 2679 1125 2741 af·

123 2763 217 2823 lectus
241 2771 416 2824 mutuantur:
441 2772 472 2824 ut
493 2764 530 2823 sit
543 2763 665 2843 Aerope
685 2765 714 2825 in
734 2764 887 2841 tragoedia
907 2765 1013 2840 tristis,
1039 2772 1127 2825 atrox

82 2844 245 2921 itlledea,
269 2847 406 2907 attonitus
419 2846 512 2923 Aiax,
534 2848 713 2911 truculentus
728 2846 881 2909 Hercules.
912 2847 944 2908 ln
962 2846 1129 2915 comoediis

123 2945 195 2988 vero
213 2938 332 3007 praeter
346 2929 431 2990 aliam
446 2928 698 3008 observationem,
720 2949 777 3010 qua
793 2933 889 3007 servi,
911 2930 1049 3006 lenones,
1072 2947 1125 3008 pa·

124 3011 224 3085 rasiti,
240 3012 356 3089 rustici,
373 3013 495 3091 milites,
511 3015 732 3091 mmetriculae,
753 3015 895 3091 ancillae,
912 3032 1000 3077 senes
1015 3014 1127 3078 austeri

123 3111 160 3155 ao
182 3095 283 3170 mites,
309 3094 430 3156 invenes
453 3099 549 3158 severi
571 3116 606 3158 ac
626 3098 786 3174 luxuriosi,
811 3107 977 3175 mamonae,
1005 3095 1127 3176 puellae

122 3177 199 3237 inter
219 3196 252 3237 se
276 3177 493 3256 discernuntur,
522 3189 606 3258 pater
626 3180 695 3257 ille,
724 3182 807 3242 ouius
827 3183 1004 3261 maampuae
1023 3188 1126 3258 partes

123 3270 199 3336 sunt,
216 3262 282 3340 quia
299 3262 413 3324 interim
428 3264 601 3337 concitatus,
617 3263 730 3324 interim
745 3264 821 3325 lenis
837 3273 892 3342 est,
909 3265 1004 3335 altero
1020 3270 1126 3325 erecto

122 3342 216 3404 altero
234 3347 398 3424 composito
414 3354 459 3407 eat
474 3344 649 3424 supercilior
672 3356 760 3426 atqua
781 3347 810 3408 id
825 3346 982 3409 ostendere
996 3347 1127 3407 maxime.

121 3423 197 3486 latus
218 3429 364 3489 actoribus
384 3430 475 3490 moris
492 3438 553 3507 est,
579 3430 656 3510 quod
672 3448 737 3491 cnm
753 3431 804 3507 iis,
827 3449 900 3511 quas
915 3439 1013 3509 agant,
1031 3430 1121 3510 parti·

193 3620 265 3631 flu...
