2408 3854
333 211 804 279 -msa.-onn'ron.n1a.mr1‚s
1041 199 1079 262 m

75 390 160 449 nem,
183 380 212 431 et
236 379 334 430 cetera
353 368 528 436 huiusmodi;
552 384 606 445 per
628 380 729 427 omnes
745 368 820 427 enim
842 366 1083 444 figurastractari

75 464 186 537 potest.
226 453 300 514 Illud
323 452 452 513 notabile
474 470 512 512 ex
536 451 676 511 diversis:
701 449 785 513 Mors
805 453 920 513 misero
940 470 1001 514 oco
1024 461 1081 532 est,

75 542 183 602 odires
198 539 242 600 od
259 545 385 612 morpem
400 544 446 598 est
459 537 560 596 miser
596 535 642 595 Ac
662 543 763 596 rectae
780 535 895 614 quidem
911 545 977 596 sunt
992 537 1081 597 tales:
1094 549 1111 603 6

122 623 197 685 Tam
214 623 299 684 deest
314 639 423 695 ooero,
440 622 523 697 quod
539 619 638 696 habet,
656 636 747 697 quom
769 621 853 698 qnod
861 638 922 680 ron
938 621 1038 683 hebet.

74 707 136 769 Sed
154 707 293 767 maiorem
308 706 365 764 vim
381 705 526 782 accipiunt
545 711 575 762 et
589 704 746 764 mutatione
762 704 890 782 figurae,
907 713 937 763 ut

265 786 367 867 Usque
381 789 500 849 adeone
518 789 596 848 mora·
611 789 755 848 anserem
776 791 900 873 est?—

76 876 174 938 acrius
198 874 256 934 hcc
278 874 353 932 enim
374 888 458 950 quam
479 886 534 950 per
557 889 606 948 se,
635 869 721 933 Mors
743 864 860 934 misero
879 888 939 934 ooo
961 883 1025 943 est‚·
1053 885 1083 934 et

75 959 267 1020 translatione
282 975 298 1017 a
318 956 459 1016 communi
480 956 516 1016 ad
534 956 691 1034 proprium.
726 955 810 1033 Nam,
828 974 892 1017 cam
907 959 943 1017 sit
958 968 1081 1034 rectum,

78 1041 198 1106 Nocere
223 1042 317 1120 focile
343 1048 404 1115 est,
427 1041 579 1119 prodesse
608 1039 752 1118 difficile:
780 1041 980 1102 vehementius
1007 1044 1082 1122 apad

77 1125 213 1187 Ovidium
227 1124 333 1185 Medea
350 1124 429 1200 dicit,

205 1209 342 1271 Servare
355 1210 441 1288 potui
446 1231 460 1276 ‚·
478 1210 616 1288 perdere
630 1224 672 1268 ort
685 1210 817 1287 possim,
840 1213 956 1287 repas?

77 1295 174 1355 Vertit
188 1293 225 1354 ad
245 1306 402 1373 personam
419 1290 543 1352 Cicero:
569 1291 652 1354 Nihil
669 1293 777 1369 hebet,
795 1289 926 1370 Caesar,
944 1313 1003 1355 mee
1016 1296 1110 1375 for-'0'

76 1389 153 1442 tono
168 1388 223 1439 too
236 1381 347 1453 moins,
365 1390 457 1454 poem
470 1385 504 1438 nt
516 1379 617 1456 possis
624 1400 637 1445 ‚·
654 1396 712 1438 nec
726 1387 840 1439 necere
855 1379 973 1455 melios,
989 1392 1082 1456 qoem

75 1473 111 1526 at
133 1464 209 1524 celis
228 1480 357 1524 seroore
379 1475 471 1539 paam
488 1464 647 1540 plurimos.
692 1460 750 1538 ita,
774 1479 848 1541 quae
872 1471 954 1523 erant
973 1468 1089 1540 reram,'

77 1548 197 1627 propria
213 1546 283 1606 iecit
301 1545 433 1605 hominis
473 1543 505 1605 ln
527 1545 585 1605 hoc
605 1563 717 1623 genere
740 1547 959 1607 custodiendam
982 1558 1026 1607 est
1052 1558 1082 1607 et

75 1631 121 1707 iti,
145 1630 222 1709 qaod
238 1631 364 1710 ubique,
385 1647 422 1689 ne
439 1629 561 1690 crebrae
577 1631 649 1706 sint,
674 1647 712 1690 ne
734 1630 828 1708 palam
850 1630 954 1706 falsae,
977 1632 1081 1713 quales

75 1715 248 1794 frequenter
270 1713 336 1775 ab
323 1715 362 1773 ris
383 1714 529 1789 dicantur,
555 1715 602 1792 qai
624 1713 698 1774 haec
717 1707 868 1775 necarant
888 1725 1010 1791 vocant,
1038 1725 1079 1792 et,

77 1798 215 1878 quidquid
236 1814 291 1878 pro
314 1814 402 1858 caasa
423 1797 537 1857 videtur
544 1799 657 1878 ‚qnasi
678 1797 865 1859 indubitatam
869 1801 1080 1879 pronuntiant;

77 1893 107 1942 et
129 1900 165 1942 ne
185 1885 293 1962 passim
313 1891 344 1942 et
361 1900 377 1942 a
393 1895 567 1961 quocunque
586 1882 726 1941 dicantar.
766 1881 858 1959 Magis
880 1884 953 1941 enim
976 1883 1109 1947 decent&

76 1982 150 2042 eos,
172 1969 199 2026 in
215 1966 318 2046 quibus
334 1974 380 2026 est
395 1967 570 2042 auctoritas,
591 1975 623 2024 ut
644 1967 688 2026 rei
711 1966 824 2044 pondus
846 1967 931 2024 etiam
954 1983 1081 2044 persona

77 2051 236 2112 confirmet.
276 2050 347 2124 Quis
369 2052 444 2110 enim
467 2049 541 2109 ierat
558 2062 678 2128 pueram
702 2059 750 2110 ant
770 2050 1018 2111 adolescentulam
1033 2060 1081 2113 aut

76 2136 164 2196 etiam
179 2135 349 2213 ignobilem,
372 2137 396 2194 si
408 2134 520 2194 ‘iudicet
539 2136 567 2194 in
583 2132 707 2195 dicendo
724 2143 754 2194 et
769 2134 980 2214 quodammodo
996 2153 1080 2214 prae·

76 2220 104 2280 ci
126 2217 188 2279 iat?

105 2237 125 2298 p
161 2300 400 2378 Enthymema
423 2320 540 2383 quoque
557 2312 716 2380 astemoe,
741 2301 818 2383 qaod
833 2312 930 2364 mente
946 2303 1109 2383 concepi-⁹

73 2400 154 2456 mus;
170 2389 290 2467 proprie
306 2397 401 2449 tamen
416 2387 530 2464 dicitnr,
546 2405 621 2467 quae
638 2397 683 2447 est
697 2389 840 2447 sententia
863 2407 900 2449 ex
916 2389 1079 2464 contrariis,

74 2481 236 2551 propterea
258 2471 336 2550 qaod
361 2472 487 2531 eminere
510 2473 585 2531 inter
605 2482 720 2532 ceteras
741 2472 872 2547 videtur,
893 2482 924 2531 ut
938 2471 1080 2531 Homerus

75 2564 182 2634 poeta,
205 2555 274 2615 urbs
290 2555 391 2616 Roma.
438 2554 484 2616 De
505 2555 562 2615 hoc
581 2557 609 2614 in
624 2557 801 2633 argumentis
818 2557 887 2615 satis
903 2556 1008 2616 dictam
1024 2564 1078 2614 cst.

74 2638 142 2699 Non
157 2654 274 2718 semper
291 2648 386 2700 autem
407 2640 443 2699 ad
463 2639 665 2718 probationem
686 2638 838 2699 adhibeam
858 2638 913 2699 sed
927 2638 1123 2717 aliqnandoto

74 2723 112 2784 aa
130 2733 277 2783 ornatum:
296 2722 431 2797 Quotam
451 2726 546 2803 ipitnr
567 2726 753 2805 impunitos,
772 2721 907 2800 Caesar,
925 2731 1001 2784 teos
1019 2724 1080 2785 cie·

73 2810 207 2870 merone
222 2810 293 2870 lens
307 2816 362 2884 est,
383 2826 487 2871 eornm
502 2817 531 2870 te
540 2810 682 2887 *ipsorum
704 2809 748 2869 od
764 2808 974 2870 crudelitatem
989 2818 1081 2870 cenet

73 2894 197 2954 oratio?
223 2891 288 2952 Non
304 2893 423 2971 quia'sit
439 2894 512 2953 ratio
529 2892 691 2968 dissimilis,
714 2891 767 2952 sed
789 2893 856 2971 quia
872 2891 1078 2971 imperalia,

73 2974 148 3036 nt'id
163 2978 296 3036 iniustam
312 2986 478 3055 appareret,
496 2976 632 3035 etteemm
648 2985 719 3036 erat.
751 2972 789 3036 Et
801 2977 895 3037 addita
910 2978 938 3035 in
950 2977 1119 3039 clausulall

73 3067 122 3118 est
149 3060 379 3138 epiphonematis
404 3061 490 3120 morio
517 3069 656 3120 nontam
682 3060 815 3138 probatio
841 3072 925 3140 qnam
953 3070 1081 3120 extrema

74 3145 158 3221 qnasi
179 3144 335 3204 insultatio.
372 3145 425 3204 Est
443 3146 517 3205 enim
535 3144 727 3224 epiphonema
742 3147 785 3204 rei
800 3154 933 3205 narratae
948 3144 996 3205 vel
1011 3159 1079 3223 pro·

73 3225 161 3287 bacae
176 3242 284 3290 samma
304 3229 489 3290 acclamatio:

186 3310 305 3376 Tantae
319 3315 405 3375 moto
419 3323 488 3375 erat
503 3312 674 3376 Romanam
692 3315 827 3376 condere
840 3313 977 3391 pentem!

74 3391 198 3458 Facere
221 3399 300 3458 enim
310 3397 430 3476 probos
449 3397 630 3459 adolescens
649 3399 825 3476 periculose
847 3410 940 3473 qnam
959 3402 1080 3494 perpete

75 3482 210 3558 turpiter
224 3482 340 3542 moluit.
382 3479 435 3540 Est
452 3489 497 3557 et,
520 3480 598 3560 qnod
623 3480 787 3560 appellatur
808 3481 927 3539 anonis
941 3472 1083 3556 νόημα
1088 3486 1125 3540 lt
