2408 3854
149 207 207 268 144
297 184 302 195 ’
465 214 835 275 u.uua.ounrr1u1uu1

146 377 214 436 dier
228 390 395 436 sennonem
409 373 493 450 sculpi
509 377 599 450 atque
613 370 695 432 lanc
715 372 886 450 opinionem
901 373 1010 450 papuli
1023 371 1153 434 Romam

143 460 252 538 suisne.
277 455 441 534 curiosae
456 457 552 534 potius
571 471 655 533 quam
675 455 751 528 luae?
781 453 884 532 Neque
901 457 974 514 enim
990 465 1052 516 erat
1070 474 1156 535 aspe-

145 560 217 602 rum.
263 539 416 601 Rationem
434 539 562 601 fortasse
582 556 641 598 reon
661 538 796 615 reddam,
818 540 939 599 sentiam
955 558 1023 600 csse
1040 541 1155 601 melius.

36 701 41 708 Ι
147 624 206 687 Gur
220 641 278 684 nou
292 625 362 684 satis
373 626 426 699 sit,
442 642 611 686 sermonem
624 624 709 702 culpi
721 623 840 701 fuisse?
885 621 1065 703 Compositio
1082 627 1157 684 enim

146 708 319 788 patiebatur.
364 706 525 786 Ignorab03
544 707 596 767 sed
612 715 644 767 ut
658 706 743 767 audio
756 705 829 782 hoo,
848 708 956 767 animus
972 709 1079 788 accipit
1093 708 1156 788 ple·

88 805 139 858 120
148 812 214 853 num
236 795 298 852 sine
319 791 375 852 hac
390 788 586 869 geminatione
601 808 659 851 non
677 809 754 850 esse.
800 790 846 851 Ad
868 810 985 852 sensum
1006 794 1093 871 igitur
1109 811 1157 853 re·

147 877 270 937 ferenda
285 885 359 936 suut.
405 875 512 955 Nequi
528 876 598 936 satis
612 876 707 952 forte,
724 874 791 953 quid
804 893 955 952 severum,
975 876 1042 955 quid
1057 878 1158 936 incun-

147 962 212 1021 dum
224 961 279 1037 sit,
296 960 474 1038 intelligant:
494 961 602 1020 facient
617 960 732 1038 quidem
746 968 847 1020 natura
863 960 937 1020 duce
953 960 1056 1021 melius
1074 979 1157 1039 quam

146 1055 223 1114 arte;
247 1045 300 1105 sed
315 1052 434 1105 naturae
450 1045 506 1123 ipsi
523 1062 570 1104 ars
586 1045 681 1103 inerit.
1024 1052 1027 1060 ’

88 1140 137 1193 121
230 1127 305 1190 lllnd
321 1145 442 1208 prorsus
459 1129 602 1203 oratoris,
618 1129 696 1187 seire
712 1127 760 1188 uhi
776 1144 894 1207 quoque
910 1145 1021 1205 genere
1038 1137 1157 1206 compo·

144 1213 257 1274 siticnis
273 1213 310 1272 sit
324 1213 470 1273 utendum.
507 1209 555 1286 ⁸Ea
571 1212 680 1290 duplex
696 1210 881 1272 observatio:
904 1210 1012 1289 altera,
1030 1228 1105 1289 quae
1121 1211 1157 1274 ad

145 1297 238 1375 pedes
253 1296 396 1365 refertum
418 1295 527 1372 alteru,
545 1312 618 1374 quae
635 1296 671 1357 ud
691 1295 985 1374 comprehensiones,
1002 1313 1077 1374 quae
1095 1295 1157 1355 eili-

145 1384 258 1442 ciuntur
273 1398 311 1440 ex
328 1376 461 1459 pedibui.

89 1475 139 1530 122
231 1464 277 1524 Ac
298 1464 335 1524 de
356 1463 401 1523 his
422 1464 512 1542 prius.
550 1461 680 1523 Diximus
698 1465 786 1540 igitur
802 1482 870 1523 esse
885 1465 994 1540 incisa,
1017 1464 1157 1542 membra,

148 1550 294 1610 circuitus.
332 1546 498 1608 lucisum
520 1547 672 1627 (quantum
687 1566 751 1607 mea
767 1546 824 1608 lert
840 1547 955 1627 opinio)
979 1549 1032 1608 erit
1053 1567 1158 1610 sensus

146 1650 204 1693 nou
220 1632 340 1711 expleto
352 1648 472 1692 numero
485 1631 660 1708 conclusus,
679 1632 829 1711 plerisque
841 1650 909 1711 pars
920 1631 1050 1692 membri.
1085 1631 1158 1694 Tale

106 1717 108 1721 ’
148 1726 192 1777 est
208 1719 301 1793 euim,
324 1733 381 1795 quo
396 1714 503 1777 cicero
525 1717 627 1777 utitur:
648 1713 839 1778 Damnonioi
859 1717 990 1778 deerat?
1010 1723 1043 1777 at
1064 1716 1158 1780 nate-

147 1803 212 1866 bae.
257 1800 394 1863 Pecunia
412 1801 603 1880 superabat?
630 1809 662 1862 al
682 1801 803 1880 apebae.
848 1797 932 1861 Fiunt
952 1808 1047 1860 autem
1071 1803 1156 1862 etiam

147 1885 267 1963 singulis
283 1884 382 1945 verbis
397 1886 503 1946 incisa:
528 1883 688 1961 Dicimus,
706 1893 797 1946 testeo
812 1885 891 1946 aare
911 1885 1067 1954 calumum
1087 1885 1157 1945 iuci-

89 1980 210 2035 123sum
232 1979 277 2030 est
302 1971 445 2032 diuinum.
496 1967 687 2030 Membrum
711 1977 805 2029 autem
833 1977 878 2029 est
903 1987 1007 2029 sensus
1031 1971 1158 2029 numeris

149 2054 304 2115 conclusus
327 2054 380 2114 sed
405 2072 421 2114 a
445 2062 506 2114 toto
529 2069 655 2133 corpore
671 2052 809 2132 abruptus
833 2061 862 2112 et
878 2071 932 2132 per
954 2071 987 2112 se
1002 2052 1071 2114 nihil
1095 2052 1158 2112 elli·

149 2140 239 2198 ciens.
285 2135 311 2198 O
332 2139 462 2201 callidos
477 2138 628 2214 kenuines,
649 2137 812 2215 perlectum
826 2146 890 2213 est,
914 2136 968 2197 sed
982 2145 1126 2197 remotum
1141 2155 1158 2196 a

148 2222 255 2283 ceteris
270 2223 327 2281 vim
343 2238 401 2281 non
416 2220 521 2299 habet,
546 2231 578 2281 ut
597 2240 652 2299 per
670 2239 703 2280 sc
718 2239 817 2282 manus
834 2231 863 2281 et
878 2239 932 2300 pes
955 2229 985 2280 et
1000 2230 1102 2300 caput;
1129 2229 1159 2280 et

150 2304 253 2367 Orem
268 2307 482 2384 encopitalom.
524 2305 645 2380 Quando
658 2322 730 2383 ergo
745 2306 846 2384 incipit
862 2322 970 2384 corpus
987 2301 1077 2364 esse?
1093 2323 1158 2365 cum

147 2390 226 2448 venit
247 2397 376 2450 extrema
400 2389 569 2450 conclusio:
598 2388 709 2466 Quem,
730 2407 860 2470 quaeso,
883 2397 1020 2452 nostrum
1038 2389 1158 2468 fefellit,

146 2476 181 2535 id
195 2475 309 2535 casita
324 2493 391 2536 esee
411 2475 573 2553 facturos?
617 2472 708 2548 Quam
724 2472 830 2534 Cicero
848 2473 1047 2535 brevissimam
1064 2481 1157 2552 putat.

146 2557 249 2638 ltaque
264 2557 328 2619 lere
345 2560 435 2619 incisa
454 2567 484 2618 et
497 2557 626 2618 membra
640 2558 728 2618 mixta
744 2567 809 2618 sunt
824 2567 854 2618 et
870 2557 1087 2619 conclusionem
1102 2557 1157 2616 nti·

90 2656 143 2711 124
151 2661 207 2723 que
223 2642 399 2703 desiderant.
443 2642 602 2703 Periodo
620 2640 741 2721 plurima
759 2643 871 2703 uomina
887 2642 935 2703 dat
951 2639 1074 2717 Cicero,
1091 2658 1158 2702 am-

148 2728 258 2803 ln'tum,
283 2729 462 2803 circuitum,
477 2727 790 2805 comprehensionem,
807 2727 1077 2801 continuationem,
1093 2727 1158 2786 eir·

149 2813 424 2889 conscriptionem.
471 2809 584 2871 Genera
606 2811 668 2870 eius
690 2811 746 2870 duo
773 2820 852 2870 sunt:
881 2810 1001 2870 alterurn
1020 2808 1157 2888 simplex,

150 2911 213 2953 cunr
240 2912 343 2954 sensus
367 2913 440 2954 unus
465 2894 601 2972 longiore
623 2892 729 2955 ambitu
758 2895 994 2962 circumducitur;
1024 2893 1158 2968 alterum,

150 2977 228 3055 quad
245 2986 357 3041 constat
372 2977 507 3039 membris
524 2980 682 3054 eticonis,
706 2995 779 3058 quac
799 2979 900 3057 plures
916 2995 1020 3040 sensus
1035 2976 1157 3038 habent:

91 3071 140 3125 125
148 3059 269 3122 Aderat
282 3063 395 3124 ianitor
407 3065 546 3124 carceris
561 3070 590 3124 et
605 3064 747 3142 carnifex
761 3065 933 3143 praetoris,
950 3061 1073 3141 reliqua.
1102 3060 1158 3121 lla·

149 3144 200 3206 bet
217 3145 355 3224 periodus
370 3145 499 3206 membra
514 3148 655 3206 minimum
675 3146 742 3208 duo.
776 3146 888 3208 Medius
904 3164 1038 3206 numerus
1057 3147 1158 3206 viden·

150 3236 196 3288 tur
217 3239 368 3308 quattuor,
393 3230 445 3290 sed
469 3232 574 3310 recipit
595 3231 765 3309 frequenter
782 3240 812 3291 et
834 3231 927 3311 plura.
967 3229 1071 3290 Modus
1094 3231 1120 3289 ei
1142 3246 1158 3287 a

151 3311 295 3374 Cicerone
318 3324 366 3375 aut
391 3324 526 3395 quattuor
548 3316 671 3375 senariis
694 3314 826 3375 versibus
852 3324 900 3376 aut
928 3316 1018 3394 ipsius
1040 3315 1158 3392 spiritus

149 3397 236 3458 modo
253 3400 420 3459 terminatus
438 3408 589 3478 praestare
610 3398 714 3475 debet,
738 3408 769 3458 ut
791 3417 907 3458 sensum
925 3397 1095 3468 concludat;
1120 3397 1161 3457 sit

149 3491 268 3559 aperta,
291 3488 321 3542 ut
341 3483 464 3561 intelligi
482 3485 592 3562 possit,
614 3500 672 3543 nou
686 3483 854 3560 immodica,
878 3491 908 3542 ut
931 3482 1070 3542 memoria
1089 3494 1158 3542 con·

65 3568 176 3636 q

874 3648 894 3677 1
