<?xml version="1.0" encoding="UTF-8"?>
<!DOCTYPE html PUBLIC "-//W3C//DTD XHTML 1.0 Transitional//EN"
    "http://www.w3.org/TR/xhtml1/DTD/xhtml1-transitional.dtd">
<html xmlns="http://www.w3.org/1999/xhtml" xml:lang="en" lang="en">
 <head>
  <title>
</title>
<meta http-equiv="Content-Type" content="text/html;charset=utf-8" />
  <meta name='ocr-system' content='tesseract 3.04.00' />
  <meta name='ocr-capabilities' content='ocr_page ocr_carea ocr_par ocr_line ocrx_word'/>
</head>
<body>
  <div class='ocr_page' id='page_1' title='image "./mfabiiquintilia08quingoog_0303.png"; bbox 0 0 2408 3854; ppageno 0'>
   <div class='ocr_carea' id='block_1_1' title="bbox 125 186 809 257">
    <p class='ocr_par' dir='ltr' id='par_1_1' title="bbox 125 186 809 257">
     <span class='ocr_line' id='line_1_1' title="bbox 125 186 809 257; baseline -0.01 -8"><span class='ocrx_word' id='word_1_1' title='bbox 125 186 187 249; x_wconf 81' lang='lat'><strong>278</strong></span> <span class='ocrx_word' id='word_1_2' title='bbox 440 199 480 246; x_wconf 81' lang='lat' dir='ltr'><strong>ss.-</strong></span> <span class='ocrx_word' id='word_1_3' title='bbox 494 197 572 245; x_wconf 80' lang='lat' dir='ltr'><strong>raa.</strong></span> <span class='ocrx_word' id='word_1_4' title='bbox 590 195 809 257; x_wconf 78' lang='lat' dir='ltr'><strong>oomomrsnr</strong></span> 
     </span>
    </p>
   </div>
   <div class='ocr_carea' id='block_1_2' title="bbox 35 351 1128 3537">
    <p class='ocr_par' dir='ltr' id='par_1_2' title="bbox 79 351 1128 2111">
     <span class='ocr_line' id='line_1_2' title="bbox 124 351 1127 432; baseline -0.003 -15"><span class='ocrx_word' id='word_1_5' title='bbox 124 367 154 417; x_wconf 91' lang='lat' dir='ltr'><strong>ut</strong></span> <span class='ocrx_word' id='word_1_6' title='bbox 169 355 272 416; x_wconf 84' lang='lat' dir='ltr'><strong>Eleum</strong></span> <span class='ocrx_word' id='word_1_7' title='bbox 286 352 419 432; x_wconf 77' lang='lat' dir='ltr'><strong>Hippiam</strong></span> <span class='ocrx_word' id='word_1_8' title='bbox 433 362 593 427; x_wconf 75' lang='lat' dir='ltr'><strong>transeam,</strong></span> <span class='ocrx_word' id='word_1_9' title='bbox 616 353 664 432; x_wconf 92' lang='lat' dir='ltr'><strong>qui</strong></span> <span class='ocrx_word' id='word_1_10' title='bbox 688 369 744 412; x_wconf 91' lang='lat' dir='ltr'><strong>non</strong></span> <span class='ocrx_word' id='word_1_11' title='bbox 759 351 921 412; x_wconf 87' lang='lat' dir='ltr'><strong>liberalium</strong></span> <span class='ocrx_word' id='word_1_12' title='bbox 936 352 1023 413; x_wconf 94' lang='lat' dir='ltr'><strong>modo</strong></span> <span class='ocrx_word' id='word_1_13' title='bbox 1040 354 1127 414; x_wconf 90' lang='lat' dir='ltr'><strong>disci·</strong></span> 
     </span>
     <span class='ocr_line' id='line_1_3' title="bbox 123 435 1128 518; baseline -0.002 -19"><span class='ocrx_word' id='word_1_14' title='bbox 123 439 264 518; x_wconf 89' lang='lat' dir='ltr'><strong>plinurum</strong></span> <span class='ocrx_word' id='word_1_15' title='bbox 279 454 351 516; x_wconf 88' lang='lat' dir='ltr'><strong>prae</strong></span> <span class='ocrx_word' id='word_1_16' title='bbox 366 455 400 496; x_wconf 89' lang='lat' dir='ltr'><strong>se</strong></span> <span class='ocrx_word' id='word_1_17' title='bbox 421 438 571 497; x_wconf 88' lang='lat' dir='ltr'><strong>scientiam</strong></span> <span class='ocrx_word' id='word_1_18' title='bbox 591 435 655 497; x_wconf 92' lang='lat' dir='ltr'><strong>tulit</strong></span> <span class='ocrx_word' id='word_1_19' title='bbox 676 436 730 496; x_wconf 88' lang='lat' dir='ltr'><strong>sed</strong></span> <span class='ocrx_word' id='word_1_20' title='bbox 750 444 863 496; x_wconf 85' lang='lat' dir='ltr'><strong>restem</strong></span> <span class='ocrx_word' id='word_1_21' title='bbox 882 446 912 497; x_wconf 89' lang='lat' dir='ltr'><strong>et</strong></span> <span class='ocrx_word' id='word_1_22' title='bbox 931 437 1045 498; x_wconf 84' lang='lat' dir='ltr'><strong>anulum</strong></span> <span class='ocrx_word' id='word_1_23' title='bbox 1063 455 1128 497; x_wconf 92' lang='lat' dir='ltr'><strong>cre·</strong></span> 
     </span>
     <span class='ocr_line' id='line_1_4' title="bbox 123 519 1128 602; baseline -0.001 -19"><span class='ocrx_word' id='word_1_24' title='bbox 123 523 275 602; x_wconf 88' lang='lat' dir='ltr'><strong>pidasque,</strong></span> <span class='ocrx_word' id='word_1_25' title='bbox 292 539 367 601; x_wconf 89' lang='lat' dir='ltr'><strong>quae</strong></span> <span class='ocrx_word' id='word_1_26' title='bbox 383 522 476 582; x_wconf 90' lang='lat' dir='ltr'><strong>omnia</strong></span> <span class='ocrx_word' id='word_1_27' title='bbox 491 538 574 582; x_wconf 85' lang='lat' dir='ltr'><strong>manu</strong></span> <span class='ocrx_word' id='word_1_28' title='bbox 590 537 642 580; x_wconf 90' lang='lat' dir='ltr'><strong>sua</strong></span> <span class='ocrx_word' id='word_1_29' title='bbox 657 519 784 597; x_wconf 87' lang='lat' dir='ltr'><strong>lecerat,</strong></span> <span class='ocrx_word' id='word_1_30' title='bbox 802 521 831 579; x_wconf 92' lang='lat' dir='ltr'><strong>in</strong></span> <span class='ocrx_word' id='word_1_31' title='bbox 847 538 900 580; x_wconf 87' lang='lat' dir='ltr'><strong>usu</strong></span> <span class='ocrx_word' id='word_1_32' title='bbox 914 519 1023 596; x_wconf 81' lang='lat' dir='ltr'><strong>habuit,</strong></span> <span class='ocrx_word' id='word_1_33' title='bbox 1039 530 1128 600; x_wconf 86' lang='lat' dir='ltr'><strong>atque</strong></span> 
     </span>
     <span class='ocr_line' id='line_1_5' title="bbox 121 604 1127 684; baseline -0.003 -17"><span class='ocrx_word' id='word_1_34' title='bbox 121 610 161 669; x_wconf 91' lang='lat' dir='ltr'><strong>ita</strong></span> <span class='ocrx_word' id='word_1_35' title='bbox 179 625 212 666; x_wconf 88' lang='lat' dir='ltr'><strong>se</strong></span> <span class='ocrx_word' id='word_1_36' title='bbox 229 607 430 684; x_wconf 89' lang='lat' dir='ltr'><strong>praeparavit,</strong></span> <span class='ocrx_word' id='word_1_37' title='bbox 452 623 488 664; x_wconf 89' lang='lat' dir='ltr'><strong>ne</strong></span> <span class='ocrx_word' id='word_1_38' title='bbox 505 607 586 664; x_wconf 89' lang='lat' dir='ltr'><strong>cuius</strong></span> <span class='ocrx_word' id='word_1_39' title='bbox 602 604 720 664; x_wconf 88' lang='lat' dir='ltr'><strong>alterius</strong></span> <span class='ocrx_word' id='word_1_40' title='bbox 738 621 830 684; x_wconf 91' lang='lat' dir='ltr'><strong>opere</strong></span> <span class='ocrx_word' id='word_1_41' title='bbox 848 614 968 682; x_wconf 71' lang='lat' dir='ltr'><strong>egeret:</strong></span> <span class='ocrx_word' id='word_1_42' title='bbox 996 604 1127 665; x_wconf 78' lang='lat' dir='ltr'><strong>illusisse</strong></span> 
     </span>
     <span class='ocr_line' id='line_1_6' title="bbox 122 687 1127 770; baseline -0.004 -18"><span class='ocrx_word' id='word_1_43' title='bbox 122 701 166 752; x_wconf 93' lang='lat' dir='ltr'><strong>tot</strong></span> <span class='ocrx_word' id='word_1_44' title='bbox 181 690 307 770; x_wconf 85' lang='lat' dir='ltr'><strong>[malis},</strong></span> <span class='ocrx_word' id='word_1_45' title='bbox 331 699 401 768; x_wconf 90' lang='lat' dir='ltr'><strong>quot</strong></span> <span class='ocrx_word' id='word_1_46' title='bbox 416 707 523 750; x_wconf 87' lang='lat' dir='ltr'><strong>summa</strong></span> <span class='ocrx_word' id='word_1_47' title='bbox 539 696 675 749; x_wconf 89' lang='lat' dir='ltr'><strong>senectus</strong></span> <span class='ocrx_word' id='word_1_48' title='bbox 691 687 794 764; x_wconf 90' lang='lat' dir='ltr'><strong>habet,</strong></span> <span class='ocrx_word' id='word_1_49' title='bbox 810 689 966 749; x_wconf 84' lang='lat' dir='ltr'><strong>universae</strong></span> <span class='ocrx_word' id='word_1_50' title='bbox 983 688 1127 750; x_wconf 81' lang='lat' dir='ltr'><strong>Graeciae</strong></span> 
     </span>
     <span class='ocr_line' id='line_1_7' title="bbox 124 771 1128 854; baseline -0.003 -19"><span class='ocrx_word' id='word_1_51' title='bbox 124 776 284 848; x_wconf 89' lang='lat' dir='ltr'><strong>credimus,</strong></span> <span class='ocrx_word' id='word_1_52' title='bbox 304 771 447 850; x_wconf 75' lang='lat' dir='ltr'><strong>Gorgian,</strong></span> <span class='ocrx_word' id='word_1_53' title='bbox 464 774 513 852; x_wconf 91' lang='lat' dir='ltr'><strong>qui</strong></span> <span class='ocrx_word' id='word_1_54' title='bbox 531 790 674 852; x_wconf 89' lang='lat' dir='ltr'><strong>quaerere</strong></span> <span class='ocrx_word' id='word_1_55' title='bbox 690 772 856 849; x_wconf 77' lang='lat' dir='ltr'><strong>auditores,</strong></span> <span class='ocrx_word' id='word_1_56' title='bbox 873 773 911 833; x_wconf 84' lang='lat' dir='ltr'><strong>de</strong></span> <span class='ocrx_word' id='word_1_57' title='bbox 929 791 986 854; x_wconf 91' lang='lat' dir='ltr'><strong>quo</strong></span> <span class='ocrx_word' id='word_1_58' title='bbox 1004 775 1128 854; x_wconf 86' lang='lat' dir='ltr'><strong>quisque</strong></span> 
     </span>
     <span class='ocr_line' id='line_1_8' title="bbox 80 856 1127 934; baseline -0.003 -15"><span class='ocrx_word' id='word_1_59' title='bbox 80 859 229 934; x_wconf 67' lang='lat' dir='ltr'><strong>attollet,</strong></span> <span class='ocrx_word' id='word_1_60' title='bbox 254 856 382 917; x_wconf 90' lang='lat' dir='ltr'><strong>iubebat.</strong></span> <span class='ocrx_word' id='word_1_61' title='bbox 418 856 500 931; x_wconf 82' lang='lat' dir='ltr'><strong>Quae</strong></span> <span class='ocrx_word' id='word_1_62' title='bbox 519 857 635 917; x_wconf 89' lang='lat' dir='ltr'><strong>tandem</strong></span> <span class='ocrx_word' id='word_1_63' title='bbox 656 875 703 917; x_wconf 93' lang='lat' dir='ltr'><strong>ars</strong></span> <span class='ocrx_word' id='word_1_64' title='bbox 723 856 808 934; x_wconf 74' lang='lat' dir='ltr'><strong>digna</strong></span> <span class='ocrx_word' id='word_1_65' title='bbox 826 856 930 917; x_wconf 91' lang='lat' dir='ltr'><strong>litteris</strong></span> <span class='ocrx_word' id='word_1_66' title='bbox 947 857 1060 919; x_wconf 89' lang='lat' dir='ltr'><strong>Platoni</strong></span> <span class='ocrx_word' id='word_1_67' title='bbox 1076 857 1127 917; x_wconf 92' lang='lat' dir='ltr'><strong>de·</strong></span> 
     </span>
     <span class='ocr_line' id='line_1_9' title="bbox 125 940 1128 1020; baseline -0.003 -17"><span class='ocrx_word' id='word_1_68' title='bbox 125 943 199 1003; x_wconf 79' lang='lat' dir='ltr'><strong>luit?</strong></span> <span class='ocrx_word' id='word_1_69' title='bbox 234 941 313 1016; x_wconf 83' lang='lat' dir='ltr'><strong>Quot</strong></span> <span class='ocrx_word' id='word_1_70' title='bbox 329 940 458 1001; x_wconf 89' lang='lat' dir='ltr'><strong>saeculis</strong></span> <span class='ocrx_word' id='word_1_71' title='bbox 474 941 652 1002; x_wconf 77' lang='lat' dir='ltr'><strong>Aristoteles</strong></span> <span class='ocrx_word' id='word_1_72' title='bbox 668 940 782 1018; x_wconf 80' lang='lat' dir='ltr'><strong>didicit,</strong></span> <span class='ocrx_word' id='word_1_73' title='bbox 804 950 906 1001; x_wconf 90' lang='lat' dir='ltr'><strong>utnon</strong></span> <span class='ocrx_word' id='word_1_74' title='bbox 922 942 1033 1018; x_wconf 91' lang='lat' dir='ltr'><strong>solum,</strong></span> <span class='ocrx_word' id='word_1_75' title='bbox 1051 959 1128 1020; x_wconf 89' lang='lat' dir='ltr'><strong>qnae</strong></span> 
     </span>
     <span class='ocr_line' id='line_1_10' title="bbox 123 1023 1127 1105; baseline 0 -19"><span class='ocrx_word' id='word_1_76' title='bbox 123 1026 161 1086; x_wconf 88' lang='lat' dir='ltr'><strong>ad</strong></span> <span class='ocrx_word' id='word_1_77' title='bbox 174 1024 369 1105; x_wconf 84' lang='lat' dir='ltr'><strong>philosophos</strong></span> <span class='ocrx_word' id='word_1_78' title='bbox 385 1035 473 1104; x_wconf 91' lang='lat' dir='ltr'><strong>atque</strong></span> <span class='ocrx_word' id='word_1_79' title='bbox 489 1024 622 1086; x_wconf 81' lang='lat' dir='ltr'><strong>oratores</strong></span> <span class='ocrx_word' id='word_1_80' title='bbox 636 1023 792 1103; x_wconf 80' lang='lat' dir='ltr'><strong>pertinent,</strong></span> <span class='ocrx_word' id='word_1_81' title='bbox 809 1026 930 1086; x_wconf 79' lang='lat' dir='ltr'><strong>scientiis</strong></span> <span class='ocrx_word' id='word_1_82' title='bbox 947 1025 1127 1105; x_wconf 89' lang='lat' dir='ltr'><strong>complecte-</strong></span> 
     </span>
     <span class='ocr_line' id='line_1_11' title="bbox 123 1107 1127 1190; baseline -0.002 -20"><span class='ocrx_word' id='word_1_83' title='bbox 123 1119 214 1185; x_wconf 91' lang='lat' dir='ltr'><strong>retur,</strong></span> <span class='ocrx_word' id='word_1_84' title='bbox 230 1108 285 1170; x_wconf 90' lang='lat' dir='ltr'><strong>sed</strong></span> <span class='ocrx_word' id='word_1_85' title='bbox 300 1109 461 1170; x_wconf 90' lang='lat' dir='ltr'><strong>animalium</strong></span> <span class='ocrx_word' id='word_1_86' title='bbox 475 1117 661 1190; x_wconf 88' lang='lat' dir='ltr'><strong>satorumque</strong></span> <span class='ocrx_word' id='word_1_87' title='bbox 677 1117 792 1170; x_wconf 85' lang='lat' dir='ltr'><strong>naturas</strong></span> <span class='ocrx_word' id='word_1_88' title='bbox 807 1125 909 1170; x_wconf 87' lang='lat' dir='ltr'><strong>omnes</strong></span> <span class='ocrx_word' id='word_1_89' title='bbox 921 1107 1127 1189; x_wconf 79' lang='lat' dir='ltr'><strong>perquireret?</strong></span> 
     </span>
     <span class='ocr_line' id='line_1_12' title="bbox 122 1191 1127 1271; baseline -0.002 -18"><span class='ocrx_word' id='word_1_90' title='bbox 122 1193 185 1254; x_wconf 92' lang='lat' dir='ltr'><strong>lllis</strong></span> <span class='ocrx_word' id='word_1_91' title='bbox 200 1193 275 1254; x_wconf 86' lang='lat' dir='ltr'><strong>haec</strong></span> <span class='ocrx_word' id='word_1_92' title='bbox 289 1193 462 1254; x_wconf 83' lang='lat' dir='ltr'><strong>invenienda</strong></span> <span class='ocrx_word' id='word_1_93' title='bbox 483 1192 614 1267; x_wconf 86' lang='lat' dir='ltr'><strong>luerunt,</strong></span> <span class='ocrx_word' id='word_1_94' title='bbox 633 1191 719 1253; x_wconf 94' lang='lat' dir='ltr'><strong>nobis</strong></span> <span class='ocrx_word' id='word_1_95' title='bbox 738 1194 945 1271; x_wconf 76' lang='lat' dir='ltr'><strong>cognoscenda</strong></span> <span class='ocrx_word' id='word_1_96' title='bbox 963 1202 1038 1254; x_wconf 79' lang='lat' dir='ltr'><strong>sunt.</strong></span> <span class='ocrx_word' id='word_1_97' title='bbox 1068 1193 1127 1253; x_wconf 88' lang='lat' dir='ltr'><strong>&#39;lot</strong></span> 
     </span>
     <span class='ocr_line' id='line_1_13' title="bbox 122 1276 1126 1357; baseline -0.003 -19"><span class='ocrx_word' id='word_1_98' title='bbox 122 1294 177 1338; x_wconf 91' lang='lat' dir='ltr'><strong>nos</strong></span> <span class='ocrx_word' id='word_1_99' title='bbox 205 1277 463 1356; x_wconf 74' lang='lat' dir='ltr'><strong>praeceptoribus,</strong></span> <span class='ocrx_word' id='word_1_100' title='bbox 495 1285 539 1337; x_wconf 89' lang='lat' dir='ltr'><strong>tot</strong></span> <span class='ocrx_word' id='word_1_101' title='bbox 565 1276 708 1355; x_wconf 87' lang='lat' dir='ltr'><strong>exemplis</strong></span> <span class='ocrx_word' id='word_1_102' title='bbox 734 1278 866 1337; x_wconf 87' lang='lat' dir='ltr'><strong>instruxit</strong></span> <span class='ocrx_word' id='word_1_103' title='bbox 898 1279 1072 1357; x_wconf 86' lang='lat' dir='ltr'><strong>antiquitus,</strong></span> <span class='ocrx_word' id='word_1_104' title='bbox 1095 1285 1126 1335; x_wconf 91' lang='lat' dir='ltr'><strong>nt</strong></span> 
     </span>
     <span class='ocr_line' id='line_1_14' title="bbox 123 1360 1125 1442; baseline -0.002 -20"><span class='ocrx_word' id='word_1_105' title='bbox 123 1363 217 1442; x_wconf 90' lang='lat' dir='ltr'><strong>possit</strong></span> <span class='ocrx_word' id='word_1_106' title='bbox 230 1361 324 1422; x_wconf 83' lang='lat' dir='ltr'><strong>videri</strong></span> <span class='ocrx_word' id='word_1_107' title='bbox 340 1361 418 1421; x_wconf 92' lang='lat' dir='ltr'><strong>nulla</strong></span> <span class='ocrx_word' id='word_1_108' title='bbox 436 1370 516 1420; x_wconf 88' lang='lat' dir='ltr'><strong>sorte</strong></span> <span class='ocrx_word' id='word_1_109' title='bbox 532 1360 670 1421; x_wconf 89' lang='lat' dir='ltr'><strong>nascendi</strong></span> <span class='ocrx_word' id='word_1_110' title='bbox 686 1370 767 1420; x_wconf 91' lang='lat' dir='ltr'><strong>aetas</strong></span> <span class='ocrx_word' id='word_1_111' title='bbox 783 1360 900 1421; x_wconf 79' lang='lat' dir='ltr'><strong>felicior</strong></span> <span class='ocrx_word' id='word_1_112' title='bbox 915 1379 999 1440; x_wconf 91' lang='lat' dir='ltr'><strong>quam</strong></span> <span class='ocrx_word' id='word_1_113' title='bbox 1014 1369 1125 1436; x_wconf 90' lang='lat' dir='ltr'><strong>nostra,</strong></span> 
     </span>
     <span class='ocr_line' id='line_1_15' title="bbox 79 1442 1125 1523; baseline -0.002 -17"><span class='ocrx_word' id='word_1_114' title='bbox 79 1449 169 1514; x_wconf 67' lang='lat' dir='ltr'><strong>uacui</strong></span> <span class='ocrx_word' id='word_1_115' title='bbox 187 1445 339 1506; x_wconf 87' lang='lat' dir='ltr'><strong>docendae</strong></span> <span class='ocrx_word' id='word_1_116' title='bbox 354 1446 469 1523; x_wconf 88' lang='lat' dir='ltr'><strong>priores</strong></span> <span class='ocrx_word' id='word_1_117' title='bbox 485 1442 680 1504; x_wconf 85' lang='lat' dir='ltr'><strong>elaborarunt.</strong></span> <span class='ocrx_word' id='word_1_118' title='bbox 711 1443 750 1505; x_wconf 88' lang='lat' dir='ltr'><strong>hl.</strong></span> <span class='ocrx_word' id='word_1_119' title='bbox 766 1445 854 1522; x_wconf 74' lang='lat' dir='ltr'><strong>igitur</strong></span> <span class='ocrx_word' id='word_1_120' title='bbox 868 1443 941 1506; x_wconf 75' lang='lat' dir='ltr'><strong>cato</strong></span> <span class='ocrx_word' id='word_1_121' title='bbox 957 1445 1034 1506; x_wconf 90' lang='lat' dir='ltr'><strong>idem</strong></span> <span class='ocrx_word' id='word_1_122' title='bbox 1048 1462 1125 1504; x_wconf 86' lang='lat' dir='ltr'><strong>snm-</strong></span> 
     </span>
     <span class='ocr_line' id='line_1_16' title="bbox 122 1528 1125 1606; baseline -0.002 -17"><span class='ocrx_word' id='word_1_123' title='bbox 122 1547 183 1590; x_wconf 89' lang='lat' dir='ltr'><strong>mus</strong></span> <span class='ocrx_word' id='word_1_124' title='bbox 203 1531 376 1606; x_wconf 87' lang='lat' dir='ltr'><strong>imperator,</strong></span> <span class='ocrx_word' id='word_1_125' title='bbox 403 1528 481 1588; x_wconf 93' lang='lat' dir='ltr'><strong>idem</strong></span> <span class='ocrx_word' id='word_1_126' title='bbox 500 1529 635 1606; x_wconf 89' lang='lat' dir='ltr'><strong>sapiens,</strong></span> <span class='ocrx_word' id='word_1_127' title='bbox 657 1528 735 1588; x_wconf 88' lang='lat' dir='ltr'><strong>idem</strong></span> <span class='ocrx_word' id='word_1_128' title='bbox 756 1537 868 1605; x_wconf 88' lang='lat' dir='ltr'><strong>orator,</strong></span> <span class='ocrx_word' id='word_1_129' title='bbox 892 1529 968 1589; x_wconf 90' lang='lat' dir='ltr'><strong>idem</strong></span> <span class='ocrx_word' id='word_1_130' title='bbox 986 1529 1125 1589; x_wconf 85' lang='lat' dir='ltr'><strong>historiae</strong></span> 
     </span>
     <span class='ocr_line' id='line_1_17' title="bbox 123 1612 1106 1692; baseline -0.003 -18"><span class='ocrx_word' id='word_1_131' title='bbox 123 1612 266 1687; x_wconf 87' lang='lat' dir='ltr'><strong>conditor,</strong></span> <span class='ocrx_word' id='word_1_132' title='bbox 284 1613 361 1672; x_wconf 91' lang='lat' dir='ltr'><strong>idem</strong></span> <span class='ocrx_word' id='word_1_133' title='bbox 373 1613 452 1686; x_wconf 88' lang='lat' dir='ltr'><strong>iuris,</strong></span> <span class='ocrx_word' id='word_1_134' title='bbox 470 1612 548 1673; x_wconf 91' lang='lat' dir='ltr'><strong>idem</strong></span> <span class='ocrx_word' id='word_1_135' title='bbox 560 1629 655 1672; x_wconf 91' lang='lat' dir='ltr'><strong>rernm</strong></span> <span class='ocrx_word' id='word_1_136' title='bbox 665 1613 837 1673; x_wconf 89' lang='lat' dir='ltr'><strong>rusticarum</strong></span> <span class='ocrx_word' id='word_1_137' title='bbox 848 1613 1038 1692; x_wconf 85' lang='lat' dir='ltr'><strong>peritissimus</strong></span> <span class='ocrx_word' id='word_1_138' title='bbox 1054 1612 1106 1671; x_wconf 89' lang='lat' dir='ltr'><strong>luit</strong></span> 
     </span>
     <span class='ocr_line' id='line_1_18' title="bbox 121 1695 1121 1773; baseline 0 -17"><span class='ocrx_word' id='word_1_139' title='bbox 121 1699 197 1756; x_wconf 90' lang='lat' dir='ltr'><strong>inter</strong></span> <span class='ocrx_word' id='word_1_140' title='bbox 211 1703 254 1755; x_wconf 91' lang='lat' dir='ltr'><strong>tot</strong></span> <span class='ocrx_word' id='word_1_141' title='bbox 271 1712 378 1773; x_wconf 87' lang='lat' dir='ltr'><strong>operas</strong></span> <span class='ocrx_word' id='word_1_142' title='bbox 394 1695 527 1772; x_wconf 89' lang='lat' dir='ltr'><strong>militiae,</strong></span> <span class='ocrx_word' id='word_1_143' title='bbox 543 1704 636 1757; x_wconf 90' lang='lat' dir='ltr'><strong>tantas</strong></span> <span class='ocrx_word' id='word_1_144' title='bbox 651 1695 727 1756; x_wconf 89' lang='lat' dir='ltr'><strong>domi</strong></span> <span class='ocrx_word' id='word_1_145' title='bbox 742 1698 963 1773; x_wconf 91' lang='lat' dir='ltr'><strong>contentiones,</strong></span> <span class='ocrx_word' id='word_1_146' title='bbox 980 1697 1044 1757; x_wconf 93' lang='lat' dir='ltr'><strong>rudi</strong></span> <span class='ocrx_word' id='word_1_147' title='bbox 1059 1713 1121 1756; x_wconf 79' lang='lat' dir='ltr'><strong>sae</strong></span> 
     </span>
     <span class='ocr_line' id='line_1_19' title="bbox 122 1778 1124 1857; baseline -0.001 -17"><span class='ocrx_word' id='word_1_148' title='bbox 122 1780 206 1853; x_wconf 92' lang='lat' dir='ltr'><strong>culo,</strong></span> <span class='ocrx_word' id='word_1_149' title='bbox 230 1779 342 1841; x_wconf 89' lang='lat' dir='ltr'><strong>litteras</strong></span> <span class='ocrx_word' id='word_1_150' title='bbox 363 1778 492 1842; x_wconf 85' lang='lat' dir='ltr'><strong>Graecas</strong></span> <span class='ocrx_word' id='word_1_151' title='bbox 513 1789 608 1840; x_wconf 85' lang='lat' dir='ltr'><strong>aetate</strong></span> <span class='ocrx_word' id='word_1_152' title='bbox 630 1781 686 1840; x_wconf 92' lang='lat' dir='ltr'><strong>iam</strong></span> <span class='ocrx_word' id='word_1_153' title='bbox 701 1781 845 1842; x_wconf 89' lang='lat' dir='ltr'><strong>declinata</strong></span> <span class='ocrx_word' id='word_1_154' title='bbox 860 1780 974 1857; x_wconf 92' lang='lat' dir='ltr'><strong>didicit,</strong></span> <span class='ocrx_word' id='word_1_155' title='bbox 998 1788 1030 1840; x_wconf 91' lang='lat' dir='ltr'><strong>ut</strong></span> <span class='ocrx_word' id='word_1_156' title='bbox 1044 1789 1124 1840; x_wconf 89' lang='lat' dir='ltr'><strong>esset</strong></span> 
     </span>
     <span class='ocr_line' id='line_1_20' title="bbox 121 1862 1125 1944; baseline -0.002 -19"><span class='ocrx_word' id='word_1_157' title='bbox 121 1862 284 1925; x_wconf 89' lang='lat' dir='ltr'><strong>hominibus</strong></span> <span class='ocrx_word' id='word_1_158' title='bbox 302 1863 487 1940; x_wconf 92' lang='lat' dir='ltr'><strong>documento,</strong></span> <span class='ocrx_word' id='word_1_159' title='bbox 503 1881 538 1924; x_wconf 89' lang='lat' dir='ltr'><strong>ea</strong></span> <span class='ocrx_word' id='word_1_160' title='bbox 556 1880 672 1943; x_wconf 91' lang='lat' dir='ltr'><strong>quoque</strong></span> <span class='ocrx_word' id='word_1_161' title='bbox 688 1864 802 1944; x_wconf 93' lang='lat' dir='ltr'><strong>percipi</strong></span> <span class='ocrx_word' id='word_1_162' title='bbox 819 1881 925 1944; x_wconf 92' lang='lat' dir='ltr'><strong>posse,</strong></span> <span class='ocrx_word' id='word_1_163' title='bbox 945 1882 1021 1944; x_wconf 92' lang='lat' dir='ltr'><strong>quae</strong></span> <span class='ocrx_word' id='word_1_164' title='bbox 1036 1881 1125 1924; x_wconf 88' lang='lat' dir='ltr'><strong>senes</strong></span> 
     </span>
     <span class='ocr_line' id='line_1_21' title="bbox 79 1946 1124 2025; baseline -0.001 -17"><span class='ocrx_word' id='word_1_165' title='bbox 79 1948 340 2025; x_wconf 78' lang='lat' dir='ltr'><strong>usconcupissent.</strong></span> <span class='ocrx_word' id='word_1_166' title='bbox 378 1946 469 2021; x_wconf 82' lang='lat' dir='ltr'><strong>Quam</strong></span> <span class='ocrx_word' id='word_1_167' title='bbox 486 1947 591 2021; x_wconf 87' lang='lat' dir='ltr'><strong>multa,</strong></span> <span class='ocrx_word' id='word_1_168' title='bbox 615 1965 708 2025; x_wconf 89' lang='lat' dir='ltr'><strong>paene</strong></span> <span class='ocrx_word' id='word_1_169' title='bbox 737 1949 847 2024; x_wconf 92' lang='lat' dir='ltr'><strong>omnia,</strong></span> <span class='ocrx_word' id='word_1_170' title='bbox 877 1948 993 2009; x_wconf 90' lang='lat' dir='ltr'><strong>tradidit</strong></span> <span class='ocrx_word' id='word_1_171' title='bbox 1013 1947 1124 2009; x_wconf 88' lang='lat' dir='ltr'><strong>Varro!</strong></span> 
     </span>
     <span class='ocr_line' id='line_1_22' title="bbox 123 2027 1125 2111; baseline 0 -21"><span class='ocrx_word' id='word_1_172' title='bbox 123 2029 209 2103; x_wconf 80' lang='lat' dir='ltr'><strong>Quod</strong></span> <span class='ocrx_word' id='word_1_173' title='bbox 231 2031 448 2091; x_wconf 83' lang='lat' dir='ltr'><strong>instrumentum</strong></span> <span class='ocrx_word' id='word_1_174' title='bbox 470 2030 585 2090; x_wconf 90' lang='lat' dir='ltr'><strong>dicendi</strong></span> <span class='ocrx_word' id='word_1_175' title='bbox 602 2030 640 2090; x_wconf 85' lang='lat' dir='ltr'><strong>ll.</strong></span> <span class='ocrx_word' id='word_1_176' title='bbox 658 2031 754 2091; x_wconf 80' lang='lat' dir='ltr'><strong>l&#39;ullio</strong></span> <span class='ocrx_word' id='word_1_177' title='bbox 772 2029 885 2092; x_wconf 80' lang='lat' dir='ltr'><strong>deluit?</strong></span> <span class='ocrx_word' id='word_1_178' title='bbox 923 2030 998 2104; x_wconf 81' lang='lat' dir='ltr'><strong>Quid</strong></span> <span class='ocrx_word' id='word_1_179' title='bbox 1020 2027 1125 2111; x_wconf 79' lang='lat' dir='ltr'><strong>plura?</strong></span> 
     </span>
    </p>

    <p class='ocr_par' dir='ltr' id='par_1_3' title="bbox 35 2111 1125 2446">
     <span class='ocr_line' id='line_1_23' title="bbox 35 2111 1125 2194; baseline 0 -19"><span class='ocrx_word' id='word_1_180' title='bbox 35 2136 39 2142; x_wconf 94' lang='lat'>·</span> <span class='ocrx_word' id='word_1_181' title='bbox 122 2115 297 2176; x_wconf 88' lang='lat' dir='ltr'><strong>cum-etiam</strong></span> <span class='ocrx_word' id='word_1_182' title='bbox 312 2112 466 2174; x_wconf 84' lang='lat' dir='ltr'><strong>Gomelius</strong></span> <span class='ocrx_word' id='word_1_183' title='bbox 483 2111 605 2190; x_wconf 76' lang='lat' dir='ltr'><strong>Celsus,</strong></span> <span class='ocrx_word' id='word_1_184' title='bbox 630 2114 770 2175; x_wconf 91' lang='lat' dir='ltr'><strong>mediocri</strong></span> <span class='ocrx_word' id='word_1_185' title='bbox 791 2117 835 2175; x_wconf 90' lang='lat' dir='ltr'><strong>vir</strong></span> <span class='ocrx_word' id='word_1_186' title='bbox 850 2117 979 2194; x_wconf 79' lang='lat' dir='ltr'><strong>ingenio,</strong></span> <span class='ocrx_word' id='word_1_187' title='bbox 1003 2132 1060 2175; x_wconf 91' lang='lat' dir='ltr'><strong>non</strong></span> <span class='ocrx_word' id='word_1_188' title='bbox 1076 2132 1125 2175; x_wconf 89' lang='lat' dir='ltr'><strong>so·</strong></span> 
     </span>
     <span class='ocr_line' id='line_1_24' title="bbox 122 2197 1125 2278; baseline 0 -19"><span class='ocrx_word' id='word_1_189' title='bbox 122 2199 179 2259; x_wconf 91' lang='lat' dir='ltr'><strong>lum</strong></span> <span class='ocrx_word' id='word_1_190' title='bbox 195 2198 232 2258; x_wconf 92' lang='lat' dir='ltr'><strong>de</strong></span> <span class='ocrx_word' id='word_1_191' title='bbox 248 2198 292 2257; x_wconf 91' lang='lat' dir='ltr'><strong>his</strong></span> <span class='ocrx_word' id='word_1_192' title='bbox 311 2198 441 2258; x_wconf 89' lang='lat' dir='ltr'><strong>omnibus</strong></span> <span class='ocrx_word' id='word_1_193' title='bbox 458 2198 664 2276; x_wconf 79' lang='lat' dir='ltr'><strong>conscripserit</strong></span> <span class='ocrx_word' id='word_1_194' title='bbox 679 2197 789 2260; x_wconf 88' lang='lat' dir='ltr'><strong>artibus</strong></span> <span class='ocrx_word' id='word_1_195' title='bbox 804 2199 856 2259; x_wconf 92' lang='lat' dir='ltr'><strong>sed</strong></span> <span class='ocrx_word' id='word_1_196' title='bbox 877 2199 1000 2278; x_wconf 89' lang='lat' dir='ltr'><strong>amplius</strong></span> <span class='ocrx_word' id='word_1_197' title='bbox 1014 2201 1058 2259; x_wconf 91' lang='lat' dir='ltr'><strong>rei</strong></span> <span class='ocrx_word' id='word_1_198' title='bbox 1073 2198 1125 2259; x_wconf 91' lang='lat' dir='ltr'><strong>mi·</strong></span> 
     </span>
     <span class='ocr_line' id='line_1_25' title="bbox 121 2280 1125 2363; baseline -0.002 -19"><span class='ocrx_word' id='word_1_199' title='bbox 121 2282 214 2344; x_wconf 90' lang='lat' dir='ltr'><strong>litaris</strong></span> <span class='ocrx_word' id='word_1_200' title='bbox 232 2290 262 2340; x_wconf 92' lang='lat' dir='ltr'><strong>et</strong></span> <span class='ocrx_word' id='word_1_201' title='bbox 278 2282 403 2342; x_wconf 85' lang='lat' dir='ltr'><strong>rusticae</strong></span> <span class='ocrx_word' id='word_1_202' title='bbox 420 2290 449 2341; x_wconf 92' lang='lat' dir='ltr'><strong>et</strong></span> <span class='ocrx_word' id='word_1_203' title='bbox 470 2280 630 2343; x_wconf 86' lang='lat' dir='ltr'><strong>medicinae</strong></span> <span class='ocrx_word' id='word_1_204' title='bbox 645 2291 806 2361; x_wconf 88' lang='lat' dir='ltr'><strong>praecepta</strong></span> <span class='ocrx_word' id='word_1_205' title='bbox 827 2283 995 2363; x_wconf 85' lang='lat' dir='ltr'><strong>reliquerit,</strong></span> <span class='ocrx_word' id='word_1_206' title='bbox 1021 2282 1125 2360; x_wconf 75' lang='lat' dir='ltr'><strong>dignus</strong></span> 
     </span>
     <span class='ocr_line' id='line_1_26' title="bbox 122 2366 1030 2446; baseline -0.003 -19"><span class='ocrx_word' id='word_1_207' title='bbox 122 2367 171 2427; x_wconf 86' lang='lat' dir='ltr'><strong>vel</strong></span> <span class='ocrx_word' id='word_1_208' title='bbox 185 2368 251 2446; x_wconf 88' lang='lat' dir='ltr'><strong>ipso</strong></span> <span class='ocrx_word' id='word_1_209' title='bbox 267 2367 437 2443; x_wconf 90' lang='lat' dir='ltr'><strong>proposito,</strong></span> <span class='ocrx_word' id='word_1_210' title='bbox 455 2375 485 2424; x_wconf 92' lang='lat' dir='ltr'><strong>nt</strong></span> <span class='ocrx_word' id='word_1_211' title='bbox 502 2383 566 2425; x_wconf 88' lang='lat' dir='ltr'><strong>enm</strong></span> <span class='ocrx_word' id='word_1_212' title='bbox 582 2366 676 2426; x_wconf 87' lang='lat' dir='ltr'><strong>scisse</strong></span> <span class='ocrx_word' id='word_1_213' title='bbox 691 2367 786 2426; x_wconf 91' lang='lat' dir='ltr'><strong>omnia</strong></span> <span class='ocrx_word' id='word_1_214' title='bbox 803 2367 852 2427; x_wconf 89' lang='lat' dir='ltr'><strong>illa</strong></span> <span class='ocrx_word' id='word_1_215' title='bbox 869 2366 1030 2428; x_wconf 90' lang='lat' dir='ltr'><strong>credamus.</strong></span> 
     </span>
    </p>

    <p class='ocr_par' dir='ltr' id='par_1_4' title="bbox 80 2448 1126 2781">
     <span class='ocr_line' id='line_1_27' title="bbox 80 2448 1124 2529; baseline 0 -21"><span class='ocrx_word' id='word_1_216' title='bbox 80 2462 116 2516; x_wconf 72' lang='lat'><strong>25</strong></span> <span class='ocrx_word' id='word_1_217' title='bbox 206 2449 245 2508; x_wconf 78' lang='lat' dir='ltr'><strong>At</strong></span> <span class='ocrx_word' id='word_1_218' title='bbox 271 2448 416 2527; x_wconf 88' lang='lat' dir='ltr'><strong>perlicere</strong></span> <span class='ocrx_word' id='word_1_219' title='bbox 440 2458 547 2510; x_wconf 91' lang='lat' dir='ltr'><strong>tantum</strong></span> <span class='ocrx_word' id='word_1_220' title='bbox 568 2465 642 2529; x_wconf 91' lang='lat' dir='ltr'><strong>opus</strong></span> <span class='ocrx_word' id='word_1_221' title='bbox 663 2449 799 2525; x_wconf 86' lang='lat' dir='ltr'><strong>arduum,</strong></span> <span class='ocrx_word' id='word_1_222' title='bbox 827 2460 856 2510; x_wconf 94' lang='lat' dir='ltr'><strong>et</strong></span> <span class='ocrx_word' id='word_1_223' title='bbox 880 2467 964 2510; x_wconf 90' lang='lat' dir='ltr'><strong>nemo</strong></span> <span class='ocrx_word' id='word_1_224' title='bbox 988 2449 1124 2528; x_wconf 87' lang='lat' dir='ltr'><strong>perfecit.</strong></span> 
     </span>
     <span class='ocr_line' id='line_1_28' title="bbox 123 2532 1126 2612; baseline -0.002 -18"><span class='ocrx_word' id='word_1_225' title='bbox 123 2535 200 2594; x_wconf 78' lang='lat' dir='ltr'><strong>Ante</strong></span> <span class='ocrx_word' id='word_1_226' title='bbox 225 2534 318 2594; x_wconf 85' lang='lat' dir='ltr'><strong>omniu</strong></span> <span class='ocrx_word' id='word_1_227' title='bbox 341 2532 447 2593; x_wconf 88' lang='lat' dir='ltr'><strong>suiiioit</strong></span> <span class='ocrx_word' id='word_1_228' title='bbox 465 2533 501 2593; x_wconf 92' lang='lat' dir='ltr'><strong>ad</strong></span> <span class='ocrx_word' id='word_1_229' title='bbox 524 2533 756 2594; x_wconf 84' lang='lat' dir='ltr'><strong>exhortationem</strong></span> <span class='ocrx_word' id='word_1_230' title='bbox 776 2534 951 2610; x_wconf 89' lang='lat' dir='ltr'><strong>studiorum,</strong></span> <span class='ocrx_word' id='word_1_231' title='bbox 972 2551 1083 2612; x_wconf 87' lang='lat' dir='ltr'><strong>capere</strong></span> <span class='ocrx_word' id='word_1_232' title='bbox 1097 2533 1126 2593; x_wconf 93' lang='lat' dir='ltr'><strong>id</strong></span> 
     </span>
     <span class='ocr_line' id='line_1_29' title="bbox 122 2617 1123 2698; baseline -0.003 -19"><span class='ocrx_word' id='word_1_233' title='bbox 122 2635 219 2679; x_wconf 87' lang='lat' dir='ltr'><strong>rerum</strong></span> <span class='ocrx_word' id='word_1_234' title='bbox 233 2627 378 2694; x_wconf 86' lang='lat' dir='ltr'><strong>naturam,</strong></span> <span class='ocrx_word' id='word_1_235' title='bbox 398 2634 472 2692; x_wconf 92' lang='lat' dir='ltr'><strong>nec,</strong></span> <span class='ocrx_word' id='word_1_236' title='bbox 495 2618 634 2698; x_wconf 89' lang='lat' dir='ltr'><strong>quidquid</strong></span> <span class='ocrx_word' id='word_1_237' title='bbox 651 2634 709 2677; x_wconf 89' lang='lat' dir='ltr'><strong>non</strong></span> <span class='ocrx_word' id='word_1_238' title='bbox 724 2627 769 2678; x_wconf 87' lang='lat' dir='ltr'><strong>est</strong></span> <span class='ocrx_word' id='word_1_239' title='bbox 783 2617 907 2694; x_wconf 85' lang='lat' dir='ltr'><strong>lactum,</strong></span> <span class='ocrx_word' id='word_1_240' title='bbox 928 2635 965 2677; x_wconf 91' lang='lat' dir='ltr'><strong>ne</strong></span> <span class='ocrx_word' id='word_1_241' title='bbox 983 2617 1048 2677; x_wconf 91' lang='lat' dir='ltr'><strong>lieri</strong></span> <span class='ocrx_word' id='word_1_242' title='bbox 1063 2618 1123 2695; x_wconf 91' lang='lat' dir='ltr'><strong>qui·</strong></span> 
     </span>
     <span class='ocr_line' id='line_1_30' title="bbox 122 2700 1124 2781; baseline -0.003 -18"><span class='ocrx_word' id='word_1_243' title='bbox 122 2703 189 2763; x_wconf 89' lang='lat' dir='ltr'><strong>dem</strong></span> <span class='ocrx_word' id='word_1_244' title='bbox 204 2718 308 2780; x_wconf 86' lang='lat' dir='ltr'><strong>posse;</strong></span> <span class='ocrx_word' id='word_1_245' title='bbox 337 2711 395 2762; x_wconf 92' lang='lat' dir='ltr'><strong>tum</strong></span> <span class='ocrx_word' id='word_1_246' title='bbox 411 2703 520 2777; x_wconf 92' lang='lat' dir='ltr'><strong>omnia,</strong></span> <span class='ocrx_word' id='word_1_247' title='bbox 540 2720 614 2781; x_wconf 86' lang='lat' dir='ltr'><strong>quae</strong></span> <span class='ocrx_word' id='word_1_248' title='bbox 632 2719 734 2779; x_wconf 75' lang='lat' dir='ltr'><strong>magna</strong></span> <span class='ocrx_word' id='word_1_249' title='bbox 751 2711 817 2761; x_wconf 88' lang='lat' dir='ltr'><strong>sunt</strong></span> <span class='ocrx_word' id='word_1_250' title='bbox 831 2712 919 2780; x_wconf 91' lang='lat' dir='ltr'><strong>atque</strong></span> <span class='ocrx_word' id='word_1_251' title='bbox 934 2700 1124 2775; x_wconf 89' lang='lat' dir='ltr'><strong>admirabilia,</strong></span> 
     </span>
    </p>

    <p class='ocr_par' dir='ltr' id='par_1_5' title="bbox 80 2782 1128 3283">
     <span class='ocr_line' id='line_1_31' title="bbox 80 2782 1128 2865; baseline -0.005 -18"><span class='ocrx_word' id='word_1_252' title='bbox 80 2796 237 2863; x_wconf 69' lang='lat' dir='ltr'><strong>sotempus</strong></span> <span class='ocrx_word' id='word_1_253' title='bbox 261 2785 379 2865; x_wconf 84' lang='lat' dir='ltr'><strong>aliquod</strong></span> <span class='ocrx_word' id='word_1_254' title='bbox 401 2801 460 2865; x_wconf 82' lang='lat' dir='ltr'><strong>quun</strong></span> <span class='ocrx_word' id='word_1_255' title='bbox 482 2786 604 2864; x_wconf 92' lang='lat' dir='ltr'><strong>primum</strong></span> <span class='ocrx_word' id='word_1_256' title='bbox 623 2785 811 2847; x_wconf 89' lang='lat' dir='ltr'><strong>eidcerentur</strong></span> <span class='ocrx_word' id='word_1_257' title='bbox 830 2784 978 2846; x_wconf 89' lang='lat' dir='ltr'><strong>habuisse.</strong></span> <span class='ocrx_word' id='word_1_258' title='bbox 1008 2782 1081 2844; x_wconf 89' lang='lat' dir='ltr'><strong>Nam</strong></span> <span class='ocrx_word' id='word_1_259' title='bbox 1098 2792 1128 2843; x_wconf 90' lang='lat' dir='ltr'><strong>et</strong></span> 
     </span>
     <span class='ocr_line' id='line_1_32' title="bbox 122 2867 1127 2950; baseline -0.002 -22"><span class='ocrx_word' id='word_1_260' title='bbox 122 2869 224 2950; x_wconf 87' lang='lat' dir='ltr'><strong>poesis</strong></span> <span class='ocrx_word' id='word_1_261' title='bbox 245 2869 281 2930; x_wconf 92' lang='lat' dir='ltr'><strong>ab</strong></span> <span class='ocrx_word' id='word_1_262' title='bbox 302 2867 429 2929; x_wconf 88' lang='lat' dir='ltr'><strong>Homero</strong></span> <span class='ocrx_word' id='word_1_263' title='bbox 458 2879 487 2929; x_wconf 90' lang='lat' dir='ltr'><strong>et</strong></span> <span class='ocrx_word' id='word_1_264' title='bbox 501 2868 633 2947; x_wconf 71' lang='lat' dir='ltr'><strong>Vergilio</strong></span> <span class='ocrx_word' id='word_1_265' title='bbox 656 2878 762 2930; x_wconf 90' lang='lat' dir='ltr'><strong>tanturn</strong></span> <span class='ocrx_word' id='word_1_266' title='bbox 787 2869 933 2947; x_wconf 71' lang='lat' dir='ltr'><strong>fastigium</strong></span> <span class='ocrx_word' id='word_1_267' title='bbox 957 2869 1074 2946; x_wconf 92' lang='lat' dir='ltr'><strong>accepit</strong></span> <span class='ocrx_word' id='word_1_268' title='bbox 1097 2876 1127 2927; x_wconf 93' lang='lat' dir='ltr'><strong>et</strong></span> 
     </span>
     <span class='ocr_line' id='line_1_33' title="bbox 124 2950 1128 3033; baseline -0.003 -19"><span class='ocrx_word' id='word_1_269' title='bbox 124 2953 291 3031; x_wconf 90' lang='lat' dir='ltr'><strong>eloquentia</strong></span> <span class='ocrx_word' id='word_1_270' title='bbox 307 2971 324 3013; x_wconf 90' lang='lat' dir='ltr'><strong>a</strong></span> <span class='ocrx_word' id='word_1_271' title='bbox 337 2951 537 3014; x_wconf 86' lang='lat' dir='ltr'><strong>Demosthene</strong></span> <span class='ocrx_word' id='word_1_272' title='bbox 552 2962 639 3033; x_wconf 87' lang='lat' dir='ltr'><strong>atque</strong></span> <span class='ocrx_word' id='word_1_273' title='bbox 655 2950 810 3014; x_wconf 79' lang='lat' dir='ltr'><strong>Cicerone.</strong></span> <span class='ocrx_word' id='word_1_274' title='bbox 835 2951 970 3031; x_wconf 84' lang='lat' dir='ltr'><strong>Denique</strong></span> <span class='ocrx_word' id='word_1_275' title='bbox 986 2950 1128 3031; x_wconf 89' lang='lat' dir='ltr'><strong>quidquid</strong></span> 
     </span>
     <span class='ocr_line' id='line_1_34' title="bbox 124 3036 1126 3115; baseline -0.003 -19"><span class='ocrx_word' id='word_1_276' title='bbox 124 3045 171 3097; x_wconf 87' lang='lat' dir='ltr'><strong>est</strong></span> <span class='ocrx_word' id='word_1_277' title='bbox 192 3037 344 3115; x_wconf 90' lang='lat' dir='ltr'><strong>optimum,</strong></span> <span class='ocrx_word' id='word_1_278' title='bbox 367 3044 433 3096; x_wconf 89' lang='lat' dir='ltr'><strong>ante</strong></span> <span class='ocrx_word' id='word_1_279' title='bbox 456 3053 514 3096; x_wconf 91' lang='lat' dir='ltr'><strong>non</strong></span> <span class='ocrx_word' id='word_1_280' title='bbox 534 3037 639 3097; x_wconf 85' lang='lat' dir='ltr'><strong>luerat.</strong></span> <span class='ocrx_word' id='word_1_281' title='bbox 668 3036 776 3097; x_wconf 85' lang='lat' dir='ltr'><strong>Verum</strong></span> <span class='ocrx_word' id='word_1_282' title='bbox 797 3039 909 3098; x_wconf 85' lang='lat' dir='ltr'><strong>etiarnsi</strong></span> <span class='ocrx_word' id='word_1_283' title='bbox 932 3037 996 3115; x_wconf 91' lang='lat' dir='ltr'><strong>quis</strong></span> <span class='ocrx_word' id='word_1_284' title='bbox 1016 3053 1126 3095; x_wconf 90' lang='lat' dir='ltr'><strong>summa</strong></span> 
     </span>
     <span class='ocr_line' id='line_1_35' title="bbox 124 3118 1124 3200; baseline -0.003 -18"><span class='ocrx_word' id='word_1_285' title='bbox 124 3121 280 3200; x_wconf 90' lang='lat' dir='ltr'><strong>desperet:</strong></span> <span class='ocrx_word' id='word_1_286' title='bbox 300 3119 394 3199; x_wconf 91' lang='lat' dir='ltr'><strong>(quod</strong></span> <span class='ocrx_word' id='word_1_287' title='bbox 410 3138 461 3179; x_wconf 90' lang='lat' dir='ltr'><strong>cur</strong></span> <span class='ocrx_word' id='word_1_288' title='bbox 476 3120 574 3196; x_wconf 86' lang='lat' dir='ltr'><strong>iaciat,</strong></span> <span class='ocrx_word' id='word_1_289' title='bbox 592 3122 636 3181; x_wconf 87' lang='lat' dir='ltr'><strong>cui</strong></span> <span class='ocrx_word' id='word_1_290' title='bbox 652 3122 806 3198; x_wconf 74' lang='lat' dir='ltr'><strong>ingenium,</strong></span> <span class='ocrx_word' id='word_1_291' title='bbox 823 3119 971 3197; x_wconf 81' lang='lat' dir='ltr'><strong>valetudo,</strong></span> <span class='ocrx_word' id='word_1_292' title='bbox 988 3118 1124 3193; x_wconf 79' lang='lat' dir='ltr'><strong>facultas,</strong></span> 
     </span>
     <span class='ocr_line' id='line_1_36' title="bbox 119 3201 1112 3283; baseline -0.002 -19"><span class='ocrx_word' id='word_1_293' title='bbox 119 3213 338 3283; x_wconf 56' lang='lat' dir='ltr'><strong>‘praeceptores</strong></span> <span class='ocrx_word' id='word_1_294' title='bbox 359 3220 416 3263; x_wconf 92' lang='lat' dir='ltr'><strong>non</strong></span> <span class='ocrx_word' id='word_1_295' title='bbox 437 3201 595 3283; x_wconf 79' lang='lat' dir='ltr'><strong>deeruntl)</strong></span> <span class='ocrx_word' id='word_1_296' title='bbox 617 3213 712 3264; x_wconf 91' lang='lat' dir='ltr'><strong>tamen</strong></span> <span class='ocrx_word' id='word_1_297' title='bbox 729 3213 790 3281; x_wconf 92' lang='lat' dir='ltr'><strong>est,</strong></span> <span class='ocrx_word' id='word_1_298' title='bbox 811 3214 842 3266; x_wconf 90' lang='lat' dir='ltr'><strong>nt</strong></span> <span class='ocrx_word' id='word_1_299' title='bbox 860 3202 967 3266; x_wconf 78' lang='lat' dir='ltr'><strong>Cicero</strong></span> <span class='ocrx_word' id='word_1_300' title='bbox 983 3204 1038 3279; x_wconf 87' lang='lat' dir='ltr'><strong>ait,</strong></span> <span class='ocrx_word' id='word_1_301' title='bbox 1061 3202 1112 3282; x_wconf 92' lang='lat' dir='ltr'><strong>pul</strong></span> 
     </span>
    </p>

    <p class='ocr_par' dir='ltr' id='par_1_6' title="bbox 80 3288 1126 3537">
     <span class='ocr_line' id='line_1_37' title="bbox 80 3288 1126 3368; baseline -0.007 -16"><span class='ocrx_word' id='word_1_302' title='bbox 80 3288 223 3352; x_wconf 70' lang='lat' dir='ltr'><strong>hichrum</strong></span> <span class='ocrx_word' id='word_1_303' title='bbox 244 3290 277 3350; x_wconf 82' lang='lat' dir='ltr'><strong>in</strong></span> <span class='ocrx_word' id='word_1_304' title='bbox 299 3289 445 3350; x_wconf 81' lang='lat' dir='ltr'><strong>secundis</strong></span> <span class='ocrx_word' id='word_1_305' title='bbox 468 3289 624 3365; x_wconf 79' lang='lat' dir='ltr'><strong>tertiisque</strong></span> <span class='ocrx_word' id='word_1_306' title='bbox 640 3290 815 3350; x_wconf 67' lang='lat' dir='ltr'><strong>considere.</strong></span> <span class='ocrx_word' id='word_1_307' title='bbox 853 3288 957 3368; x_wconf 89' lang='lat' dir='ltr'><strong>Neque</strong></span> <span class='ocrx_word' id='word_1_308' title='bbox 981 3289 1073 3364; x_wconf 88' lang='lat' dir='ltr'><strong>enim,</strong></span> <span class='ocrx_word' id='word_1_309' title='bbox 1101 3288 1126 3346; x_wconf 83' lang='lat' dir='ltr'><strong>si</strong></span> 
     </span>
     <span class='ocr_line' id='line_1_38' title="bbox 125 3369 1125 3452; baseline -0.002 -21"><span class='ocrx_word' id='word_1_310' title='bbox 125 3374 189 3450; x_wconf 90' lang='lat' dir='ltr'><strong>quis</strong></span> <span class='ocrx_word' id='word_1_311' title='bbox 206 3371 331 3432; x_wconf 83' lang='lat' dir='ltr'><strong>Achillis</strong></span> <span class='ocrx_word' id='word_1_312' title='bbox 352 3372 476 3449; x_wconf 79' lang='lat' dir='ltr'><strong>gloriam</strong></span> <span class='ocrx_word' id='word_1_313' title='bbox 498 3373 528 3431; x_wconf 91' lang='lat' dir='ltr'><strong>in</strong></span> <span class='ocrx_word' id='word_1_314' title='bbox 547 3369 634 3430; x_wconf 88' lang='lat' dir='ltr'><strong>rebus</strong></span> <span class='ocrx_word' id='word_1_315' title='bbox 651 3369 766 3433; x_wconf 90' lang='lat' dir='ltr'><strong>bellicis</strong></span> <span class='ocrx_word' id='word_1_316' title='bbox 783 3374 923 3452; x_wconf 89' lang='lat' dir='ltr'><strong>consequi</strong></span> <span class='ocrx_word' id='word_1_317' title='bbox 939 3389 998 3433; x_wconf 91' lang='lat' dir='ltr'><strong>non</strong></span> <span class='ocrx_word' id='word_1_318' title='bbox 1013 3379 1125 3450; x_wconf 87' lang='lat' dir='ltr'><strong>potest,</strong></span> 
     </span>
     <span class='ocr_line' id='line_1_39' title="bbox 124 3453 1126 3537; baseline -0.002 -21"><span class='ocrx_word' id='word_1_319' title='bbox 124 3456 224 3516; x_wconf 81' lang='lat' dir='ltr'><strong>Aiacis</strong></span> <span class='ocrx_word' id='word_1_320' title='bbox 246 3464 295 3516; x_wconf 90' lang='lat' dir='ltr'><strong>ant</strong></span> <span class='ocrx_word' id='word_1_321' title='bbox 312 3453 461 3516; x_wconf 85' lang='lat' dir='ltr'><strong>Diomedis</strong></span> <span class='ocrx_word' id='word_1_322' title='bbox 485 3453 599 3515; x_wconf 89' lang='lat' dir='ltr'><strong>laudem</strong></span> <span class='ocrx_word' id='word_1_323' title='bbox 621 3455 837 3534; x_wconf 88' lang='lat' dir='ltr'><strong>aspernabitur,</strong></span> <span class='ocrx_word' id='word_1_324' title='bbox 861 3473 916 3517; x_wconf 87' lang='lat' dir='ltr'><strong>nec</strong></span> <span class='ocrx_word' id='word_1_325' title='bbox 937 3458 986 3537; x_wconf 93' lang='lat' dir='ltr'><strong>qui</strong></span> <span class='ocrx_word' id='word_1_326' title='bbox 1006 3454 1126 3516; x_wconf 88' lang='lat' dir='ltr'><strong>llomeri</strong></span> 
     </span>
    </p>
   </div>
   <div class='ocr_carea' id='block_1_3' title="bbox 96 3598 236 3636">
    <p class='ocr_par' dir='ltr' id='par_1_7' title="bbox 96 3598 236 3636">
     <span class='ocr_line' id='line_1_40' title="bbox 96 3598 236 3636; baseline 0 0"><span class='ocrx_word' id='word_1_327' title='bbox 96 3598 236 3636; x_wconf 54' lang='lat' dir='ltr'>A</span> 
     </span>
    </p>
   </div>
   <div class='ocr_carea' id='block_1_4' title="bbox 0 0 1208 3854">
    <p class='ocr_par' dir='ltr' id='par_1_8' title="bbox 0 0 1208 3854">
     <span class='ocr_line' id='line_1_41' title="bbox 0 0 1208 3854; baseline 0 1"><span class='ocrx_word' id='word_1_328' title='bbox 0 0 1208 3854; x_wconf 95' lang='lat' dir='ltr'><strong> </strong></span> 
     </span>
    </p>
   </div>
  </div>
 </body>
</html>
