2408 3854
339 189 429 239 lusu.
453 189 603 238 oecuou.
626 192 696 237 usu.
717 191 770 254 xi,
793 187 819 239 3.
853 160 855 165 ¹
1018 176 1080 240 233

77 347 173 406 dentis
192 345 300 404 vultum
321 353 384 420 aut,
407 362 463 424 quo
483 345 518 403 sit
539 343 631 420 magis
653 351 768 418 torvus,
791 342 957 420 superciliis
978 344 1080 402 astrin-

75 446 165 506 gere,
193 428 316 507 capillos
342 446 358 487 a
381 427 477 488 fronte
500 430 601 488 contra
626 435 755 486 naturam
777 435 960 502 retroagere,
987 436 1017 485 ut
1043 427 1081 486 sit

75 513 179 573 lrorror
201 507 259 574 ille¹
274 510 429 579 terribilis;
458 520 533 585 tram,
560 511 589 570 id
613 510 691 590 quod
713 509 818 571 Graeci
843 509 1079 589 frequentissime

74 597 200 671 iaciunt,
230 595 335 654 crebro
365 594 517 671 digitorum
545 592 745 673 labiorumque
773 601 851 653 motu
881 593 1078 670 commentari,

74 680 155 739 clare
171 696 325 754 excreare,
342 677 447 755 pedem
462 678 583 738 alterum
597 678 685 754 longe
701 677 847 755 prolerre,
863 686 975 755 partem
990 686 1079 754 togae

75 764 189 823 sinistra
205 772 325 836 tenere,
351 769 428 820 stare
450 760 593 821 diductum
612 761 666 821 vel
677 761 798 838 rigidum
815 760 864 821 vel
880 762 1011 839 supinum
1031 759 1080 819 vel

73 847 221 906 iocurvmn
244 845 294 904 vel
319 843 462 920 humeris,
491 853 521 903 ut
546 844 680 905 luctaturi
706 845 822 920 solent,
848 844 885 904 ad
912 845 1079 924 occipitium

76 930 180 989 ductis.
552 941 554 946 '

159 1013 313 1072 Prooemio
326 1011 564 1090 frequentissime
573 1012 647 1071 lenis
658 1013 793 1071 convenit
804 1014 1007 1090 pronuntiatio.
1029 1011 1078 1071 Ni·
1086 1016 1137 1072 161

74 1097 113 1157 hil
130 1097 204 1155 enim
225 1104 271 1155 est
288 1095 324 1155 ad
345 1095 555 1156 conciliandum
570 1096 679 1173 gratius
696 1094 889 1170 verecundia,
912 1105 1080 1156 nontamen

74 1198 202 1258 semper.
235 1177 340 1257 Neque
357 1180 433 1239 enirn
448 1196 503 1238 uno
519 1180 605 1239 modo
624 1179 755 1239 dicuntur
772 1179 908 1253 exordia,
937 1187 967 1238 ut
984 1180 1078 1238 docui.

74 1264 247 1342 Plerumque
269 1272 363 1322 tamen
387 1271 416 1322 et
437 1280 496 1322 vox
521 1272 680 1343 temperata
704 1271 735 1322 et
756 1271 856 1340 gestus
878 1262 1025 1322 modestus
1050 1270 1079 1320 et

74 1347 182 1406 sedens
201 1348 320 1405 humero
345 1355 414 1423 toga
436 1355 466 1406 et
492 1347 612 1408 laterum
637 1346 711 1406 lenis
737 1347 765 1405 in
791 1355 940 1424 utramque
967 1356 1078 1424 partem

74 1440 185 1502 motus,
208 1430 311 1490 eodem
327 1430 524 1508 spectantibus
542 1431 650 1506 oculis,
676 1430 803 1491 decebit.
836 1429 970 1490 Narratio
987 1430 1078 1507 magis
1086 1441 1139 1496 162

74 1513 215 1591 prolatam
236 1530 364 1587 manum,
392 1515 524 1573 amictum
549 1515 743 1590 recidentem,
770 1524 884 1593 gestum
905 1514 1077 1589 distinctum,

73 1614 177 1657 vocem
194 1597 319 1655 sermoni
333 1598 493 1674 proximam
509 1607 538 1657 et
554 1607 661 1659 tantum
676 1600 834 1673 acriorem,
854 1615 955 1657 sonum
970 1597 1078 1675 simpli·

75 1699 138 1740 cem
155 1679 388 1758 frequentissime
404 1680 560 1758 postulabit
574 1683 604 1741 in
617 1682 663 1741 liis
677 1681 825 1742 duntaxat:
844 1679 879 1754 Q.
894 1684 973 1742 cuim
988 1679 1078 1758 Ltpu·
1152 1728 1156 1734 .

75 1767 150 1839 rius,
167 1782 236 1825 cunt
251 1766 375 1825 oscetin
389 1762 501 1843 Africa
516 1765 604 1826 nulle
618 1766 689 1826 belli
702 1767 855 1843 suspicioq
873 1773 901 1823 et
916 1761 952 1826 A.
970 1762 1077 1824 Cluen·

75 1851 134 1909 tius
144 1845 276 1909 Habitus
286 1855 380 1927 puter
394 1849 530 1913 huiusce.
554 1848 641 1910 Aliud
653 1850 681 1907 in
694 1848 796 1907 eadem
808 1855 932 1927 poscent
944 1847 1077 1920 allectus,

53 1931 122 1990 ‘vel
138 1931 272 1990 concitati
292 1929 384 1993 Nutu
401 1950 516 2011 peuero
533 1950 660 2008 merus,
680 1931 729 1991 vel
746 1931 861 1991 debiles
882 1928 1080 1992 constituitur

73 2018 106 2076 iu
126 2015 196 2093 fero
212 2012 388 2077 Laodiceae
408 2017 617 2094 spectaculum
640 2017 788 2076 acerbum
809 2023 839 2076 et
859 2017 1003 2076 miserum
1027 2014 1081 2074 toti

73 2097 169 2160 Asiae
180 2101 370 2176 proclames.
404 2097 529 2160 Maxime
548 2101 628 2161 varia
650 2108 679 2159 et
693 2098 844 2178 multiplex
858 2099 934 2158 actio
950 2107 997 2158 est
1012 2105 1138 2175 pro-163

74 2181 229 2242 batianum.
260 2180 333 2244 Nam
355 2190 384 2243 et
402 2191 586 2262 preponere,
611 2184 726 2262 partiri,
749 2184 931 2261 interrogare
951 2181 1077 2241 sermoni

75 2275 139 2326 snut
160 2268 308 2346 proxima,
332 2276 363 2326 et
384 2267 640 2328 contradictionem
658 2285 783 2328 sumere.
815 2265 886 2327 Nam
907 2285 942 2328 ea
960 2281 1077 2346 quoque

75 2351 190 2410 diversa
207 2352 370 2430 propositio
384 2358 439 2412 est.
473 2352 533 2412 Sed
549 2352 624 2415 hanc
642 2360 737 2412 tamen
752 2351 905 2430 aliquando
923 2350 1078 2410 irridentes

75 2433 226 2511 aliquando
250 2436 392 2494 imitantes
408 2437 631 2514 pronuntiamus.
663 2436 883 2512 Argumentatio
906 2433 1136 2512 pleramquelds

75 2517 181 2593 agilior
201 2525 230 2575 et
245 2519 341 2578 acrior
357 2527 386 2578 et
401 2520 552 2580 instantior
566 2520 795 2580 consentientem
812 2517 934 2577 orationi
951 2515 1077 2593 postulat

75 2601 164 2668 etiam
170 2607 293 2676 gestum,
306 2601 392 2661 idest
406 2601 511 2661 fortem
523 2603 714 2662 celeritatem.
734 2600 897 2661 luctandum
909 2597 1077 2679 quibusdam

75 2685 104 2741 in
120 2683 250 2761 partibus
268 2692 297 2742 et
313 2678 460 2744 densauda
479 2686 581 2745 oratio.
595 2684 805 2762 ¹Egressiones
818 2683 883 2743 iere
902 2691 931 2743 et
948 2682 1032 2742 lenes
1047 2689 1077 2740 et

75 2766 176 2826 dulces
198 2774 227 2825 et
240 2768 399 2843 remissae,
424 2776 523 2846 raptus
539 2769 749 2847 Proserpinae,
772 2766 889 2828 Siciliae
905 2764 1075 2844 descriptio,

76 2847 127 2908 Gn.
144 2850 276 2928 Pompeii
290 2851 363 2910 laus.
399 2849 504 2930 teque
526 2853 600 2912 eninr
623 2852 740 2926 mirum,
768 2852 860 2910 minus
879 2850 990 2911 habere
1008 2866 1076 2910 con·

75 2935 212 2994 tentionis
228 2951 279 3010 ea,
304 2948 379 3013 quae
396 2943 460 2995 sunt
475 2944 557 2996 extra
575 2935 786 3014 quaestionem.
817 2930 934 2995 llollior
948 2946 1075 2994 nonnun-
1084 2943 1135 2997 165

76 3034 160 3094 quam
177 3036 241 3077 cum
262 3018 494 3096 reprehensione
516 3019 650 3079 diuersae
666 3018 757 3098 partis
773 3018 908 3080 imitatio:
938 3017 1076 3080 Videbar

74 3101 181 3161 cidere
197 3103 275 3164 ulios
295 3104 449 3166 tetrantes
472 3104 550 3166 ulios
569 3109 671 3165 autem
691 3110 852 3179 eceuutcs,
875 3103 1023 3182 quosdam
1038 3118 1078 3185 ec

74 3184 146 3244 cino
166 3186 355 3247 ouuduutes.
386 3186 443 3248 Ubi
463 3204 520 3246 non
540 3187 684 3247 dissidens
707 3203 815 3246 avoce
837 3184 1010 3264 permittitur
1023 3200 1082 3258 ger

75 3277 137 3327 stus
153 3283 286 3347 quoqne,
307 3270 336 3328 in
359 3278 508 3349 utramque
525 3279 636 3349 partem
651 3279 753 3329 tenera
770 3268 911 3348 quaedam
931 3267 984 3326 sed
1003 3267 1076 3324 intra

75 3369 174 3411 manus
199 3359 297 3410 minen
321 3359 350 3411 et
370 3354 433 3413 sine
452 3360 530 3414 motu
550 3352 673 3414 laterum
695 3353 855 3413 translatio.
885 3348 1076 3410 Accendendl
1083 3351 1134 3408 166

76 3436 178 3494 iudicis
195 3434 296 3513 plnres
314 3442 378 3494 suot
392 3436 509 3513 gradus.
540 3439 671 3498 Summus
687 3437 738 3497 ille
757 3444 859 3513 etque
877 3433 976 3492 nullus
989 3433 1088 3489 est‘m
