2408 3854
383 170 807 263 rusr.onasoa.n1a.sr‚a.
1037 186 1094 248 173

91 365 122 415 ut
138 357 206 415 cito.
229 355 357 415 sedtum
367 354 501 428 maxime,
519 370 583 411 cum
594 352 717 411 facultas
733 351 783 411 illa
796 353 961 429 contigerit,
977 354 1095 412 resista·

89 457 152 498 mus
169 446 199 498 et
212 436 414 516 provideamus
433 445 462 495 et
477 435 606 495 ferentes
619 450 711 512 equos
722 434 812 495 frenis
831 435 999 513 quibusdam
1012 452 1094 496 coer·

88 539 221 590 ceamus;
245 520 322 600 quod
345 538 402 580 nou
428 529 484 579 tam
506 535 614 578 moram
636 517 723 577 faciet
745 536 830 596 quam
854 535 946 578 nouos
972 521 1095 598 impetus

88 605 177 666 dabit.
220 604 324 683 Neque
346 605 421 662 enim
439 620 538 661 rursus
570 619 639 675 eos,
663 603 712 679 qui
734 600 823 661 robur
842 600 960 682 aliquod
984 604 1012 661 in
1027 603 1095 662 stilo

90 689 224 763 fecerint,
242 688 277 748 ad
293 687 439 748 infelicem
453 685 641 745 calumniandi
657 702 690 744 se
706 701 829 763 poenam
840 685 1002 763 alligandos
1013 694 1094 763 puto.

90 772 162 831 Nam
177 772 324 850 quomodo
342 771 479 830 sufficere
498 768 601 828 officiis
617 768 750 828 civilibus
772 771 882 847 possit,
904 772 952 848 qui
975 770 1137 847 singulislt

91 857 234 915 actionum
255 853 384 933 partibus
400 848 591 912 insenescat?
629 852 700 911 Sunt
723 862 817 912 autem
842 852 945 931 quibus
968 853 1037 912 nihil
1059 855 1096 912 sit

87 941 176 1006 satis;
196 940 288 998 omnia
299 947 420 1012 mutare,
434 939 528 996 omnia
542 936 626 995 aliter
637 936 736 995 dicere
752 953 836 1015 quam
853 938 979 997 occurrit
988 936 1094 1003 velint;

90 1021 231 1082 increduli
248 1022 406 1100 quidamst
429 1020 465 1080 de
487 1021 602 1097 ingenio
625 1036 678 1078 suo
694 1020 821 1098 pessime
838 1022 948 1096 meriti,
969 1022 1018 1099 qui
1033 1019 1095 1081 dili·

86 1107 215 1182 gentiam
226 1114 326 1183 putant
341 1106 440 1166 facere
455 1103 510 1164 sihi
528 1103 673 1164 scribendi
684 1102 895 1185 difficultatem.
926 1103 990 1163 Nec
1000 1121 1094 1182 prom·
1105 1114 1137 1165 12

89 1199 167 1267 ptum
185 1197 231 1248 est
246 1189 355 1266 dicere,
371 1198 452 1248 utros
468 1205 593 1266 peccare
612 1186 734 1247 validius
751 1195 864 1265 putem,
882 1187 984 1266 quibus
1001 1190 1094 1247 omnia

89 1290 140 1332 sua
161 1274 279 1350 placent
304 1292 339 1334 an
355 1272 458 1352 quibus
475 1271 555 1330 nihil.
599 1270 713 1332 Accidit
735 1271 809 1330 enim
830 1273 915 1331 etiam
935 1272 1094 1347 ingeniosis
1131 1296 1138 1306 ’

87 1356 325 1416 adolescentibus
346 1357 525 1434 frequenter,
541 1363 572 1413 ut
582 1353 684 1414 labore
701 1364 904 1415 consumantur
917 1364 946 1414 et
960 1357 989 1413 in
1006 1354 1093 1415 silen-

90 1441 158 1498 tium
174 1457 267 1518 usqua
289 1437 467 1499 descendant
488 1441 572 1498 nimia
593 1437 668 1498 bene
695 1437 809 1498 dicendi
831 1438 996 1518 cupiditate.
1030 1436 1094 1512 Qua

87 1523 126 1582 de
142 1540 174 1582 re
185 1524 299 1582 memini
315 1540 449 1583 narrasse
461 1522 528 1582 milri
546 1521 646 1581 lulium
658 1523 822 1584 Secundum
840 1521 929 1599 illum,
943 1520 1094 1600 aequalem

89 1624 182 1666 meum
197 1616 283 1684 atque
299 1625 315 1666 a
329 1625 391 1681 me,
415 1614 446 1665 ut
461 1616 558 1665 notum
574 1615 635 1680 est,
657 1605 836 1665 familiariter
852 1615 987 1679 amatum,
1004 1606 1093 1666 mirae

88 1690 240 1749 facundiae
256 1692 363 1765 virum,
387 1689 514 1748 infinitae
531 1698 625 1748 tamen
643 1706 742 1765 curae,
760 1690 827 1768 quid
843 1699 922 1749 esset
939 1689 994 1748 sibi
1011 1707 1028 1749 a
1043 1707 1093 1767 pa-

89 1782 153 1832 trno
169 1789 222 1833 suo
235 1773 348 1833 dictum.
376 1771 404 1831 ls
417 1772 469 1831 fuit
481 1771 569 1844 lulius
580 1769 696 1846 Florus,
709 1774 737 1831 in
750 1772 916 1850 eloquentia
928 1771 1093 1848 Galliarum,
1103 1784 1136 1838 13

89 1858 223 1934 quoniam
236 1856 276 1916 iot
291 1856 403 1915 demum
416 1858 546 1915 exercuit
562 1872 635 1930 eam,
648 1857 798 1934 princeps,
812 1855 920 1933 alioqui
935 1856 1009 1914 inter
1024 1873 1092 1934 pau-

89 1956 140 1999 cos
158 1939 283 1999 disertus
299 1949 330 1999 et
352 1939 455 2015 dignus
473 1939 524 1999 illa
537 1940 763 2017 propinquitate.
795 1937 903 1998 Iseum
919 1937 1092 2013 Secundum,

88 2023 209 2083 scholae
226 2023 320 2084 adlruc
340 2030 500 2101 operatum,
519 2023 629 2081 tristem
646 2021 723 2081 forte
740 2022 876 2082 vidisset:
892 2023 1092 2100 interrogavit,

86 2124 161 2183 quae
175 2123 262 2165 causa
274 2107 376 2167 frontis
389 2115 445 2166 tam
457 2102 617 2166 adductae?
639 2105 702 2165 Nec
711 2104 899 2166 dissimulavit
907 2106 1091 2181 adolescens,
1103 2118 1136 2172 14

88 2192 200 2250 tertium
216 2192 272 2251 iam
287 2190 361 2250 diem
378 2208 461 2266 esse,
485 2189 563 2268 qnod
588 2190 663 2249 omni
685 2189 788 2250 labore
812 2191 949 2250 materiae
971 2189 1007 2250 ad
1022 2191 1093 2250 scri·

87 2273 211 2333 bendum
222 2272 381 2334 destinatae
395 2290 452 2333 non
465 2274 607 2333 inveniret
619 2274 783 2342 exordium
800 2290 857 2352 quo
873 2273 927 2334 sibi
940 2291 997 2334 non
1008 2291 1092 2353 prae·

87 2374 154 2415 sens
172 2365 279 2416 tantum
294 2357 397 2432 dolor,
416 2356 469 2417 sed
492 2360 576 2418 etiarn
598 2356 765 2436 desperatio
785 2359 813 2417 iu
834 2368 983 2436 posterum
998 2357 1091 2418 fieret.

87 2437 158 2498 l'um
172 2437 278 2499 Florus
295 2440 437 2517 arridens,
453 2439 610 2520 Numquid
626 2450 675 2518 tu,
690 2442 791 2522 inquit,
805 2443 912 2503 melius
926 2443 1032 2505 dicere
1046 2443 1093 2502 oia

85 2538 179 2598 quom
194 2526 303 2598 potes?
333 2523 375 2583 lta
387 2542 420 2584 se
432 2542 480 2584 res
496 2523 593 2584 habet.
627 2522 788 2584 Curandum
803 2533 859 2600 est,
875 2533 1003 2602 utquam
1019 2525 1135 2602 opti-15

86 2622 132 2662 me
147 2604 291 2672 dicamus;
314 2606 465 2666 dicendum
488 2615 582 2666 tamen
603 2623 658 2685 pro
678 2606 826 2667 facultate.
864 2607 911 2667 dd
928 2607 1093 2686 profectum

87 2689 161 2746 enim
178 2703 251 2765 opus
274 2698 318 2747 est
333 2689 427 2748 studio
448 2706 506 2748 uon
527 2690 733 2767 indignatione.
771 2689 810 2750 Ut
830 2693 975 2770 possimus
997 2699 1092 2751 autem

86 2771 217 2831 scribere
233 2772 317 2831 etiam
331 2771 415 2850 plura
432 2771 575 2849 celerius,
598 2790 656 2832 non
671 2776 842 2834 exercitatio
858 2775 945 2835 modo
963 2783 1093 2853 praesta·

84 2855 144 2931 lsit,
168 2857 197 2915 in
222 2873 277 2934 qua
298 2856 361 2915 sine
379 2855 466 2916 dubio
481 2856 599 2917 multum
616 2866 677 2933 est,
699 2856 752 2917 sed
773 2859 858 2919 etiam
879 2861 968 2928 ratio;
991 2855 1092 2919 sinon

64 2942 70 2953 ’
85 2940 214 3018 resupini
228 2948 454 3019 spectantesque
472 2948 580 3000 tectum
603 2950 632 3001 et
653 2943 858 3019 cogitationem
874 2961 1015 3004 murmure
1031 2944 1091 3021 agi-

86 3030 181 3081 tantes
203 3025 471 3102 expectaverimus,
490 3022 558 3104 qnid
574 3023 722 3094 obsonium
745 3025 798 3086 sed
820 3027 887 3105 quid
911 3044 959 3086 res
977 3036 1091 3106 poscat,

87 3103 155 3182 quid
169 3121 323 3184 personam
344 3107 464 3183 deceat,
490 3109 568 3187 quod
583 3111 620 3169 sit
637 3118 767 3189 tempus,
790 3112 838 3188 qui
853 3110 955 3171 iudicis
971 3112 1091 3182 animus,
1184 3164 1189 3179 ,

87 3189 179 3248 intuiti
204 3188 325 3250 humano
347 3190 471 3268 quodam
490 3191 634 3253 modoad
662 3192 846 3254 scribendum
867 3195 1090 3255 accesserimus.

88 3273 138 3334 Sic
157 3270 240 3331 nobis
258 3282 288 3332 et
304 3274 381 3337 initia
397 3284 426 3334 et
442 3293 516 3354 quae
534 3287 693 3356 sequuntur
708 3286 808 3338 natura
826 3279 889 3356 ipsa
907 3276 1090 3357 praescribit.

89 3353 177 3416 Certa
201 3365 266 3415 sunt
287 3357 362 3416 eninr
383 3358 525 3437 pleraque
549 3369 593 3436 et,
617 3362 672 3421 nisi
693 3363 914 3436 conniveamus,
939 3363 967 3420 in
988 3360 1091 3422 oculos
1099 3375 1133 3429 16

89 3440 250 3507 incurruut;
267 3439 393 3518 ideoque
409 3459 464 3502 nec
474 3443 582 3503 indocti
596 3461 652 3504 nec
666 3446 769 3504 rustici
783 3445 836 3504 diu
847 3441 1112 3522 quaesumus&
