2408 3854
150 213 209 277 158
465 229 502 275 ss.
514 226 594 275 aaa.
610 225 831 286 ournmmanr

145 382 361 463 Euripides,
390 399 511 459 quorum
538 383 566 440 in
588 380 696 461 dispari
716 379 829 441 dicendi
848 381 894 441 via
915 390 979 441 uter
1001 383 1038 443 sit
1062 393 1151 462 poeta

144 467 263 542 melior,
287 467 362 525 inter
377 465 515 544 plurimos
532 465 688 543 quaeritur.
725 462 815 543 ldque
833 480 891 542 ego
908 482 994 541 sane,
1017 469 1151 544 quoniam

145 550 179 611 ad
199 558 382 630 praesentem
395 550 542 609 materiam
558 546 626 608 nihil
642 549 785 627 pertinet,
807 548 990 608 iniudicatum
1004 550 1150 630 relinquo.

145 633 219 694 lllud
235 631 351 713 quidem
364 649 449 691 nemo
465 649 522 691 uon
539 632 664 691 fateatur
683 649 808 692 necesse
832 640 893 706 est,
912 633 963 708 iis,
989 635 1037 710 qui
1060 652 1094 694 se
1116 634 1152 694 ad

104 716 288 796 §sugendum
306 726 489 794 comparant,
512 715 657 775 utiliorem
673 715 761 791 longe
784 714 849 775 fore
867 713 1036 794 Euripiden.
1066 716 1139 778 Nam

145 819 201 879 que
218 802 242 859 is
260 809 289 859 et
304 816 439 859 sermone
452 798 546 879 (quod
557 800 649 878 ipsum
661 798 886 877 reprehendunt,
907 799 1011 878 quibus
1023 803 1152 877 gravitas

145 892 174 944 et
190 883 346 945 cothurnus
362 892 392 943 et
407 901 496 943 sonus
512 882 668 961 Sophoclis
683 881 798 942 videtur
815 900 882 942 esse
901 882 1071 965 sublimior)
1093 902 1152 944 ma-

145 969 190 1045 gis
207 967 320 1028 aceedit
336 969 464 1027 oratorio
476 967 578 1043 generi
591 976 620 1027 et
631 967 782 1026 sententiis
798 965 904 1027 densus
927 975 955 1026 et
973 969 1059 1044 iniis,
1076 987 1153 1048 qnae

144 1068 161 1111 a
182 1050 360 1132 sapientibus
376 1050 478 1111 tradita
494 1060 569 1126 sunt,
585 1068 679 1130 paene
694 1052 766 1129 ipsis
778 1067 846 1128 par,
870 1059 899 1109 et
915 1049 1038 1110 diceudo
1055 1069 1091 1113 ao
1106 1071 1153 1112 re·

144 1134 315 1215 spondendo
334 1134 453 1195 cuilibet
467 1151 583 1211 eorum,
606 1137 653 1214 qui
676 1134 791 1195 fuerunt
808 1135 836 1193 in
851 1133 917 1193 foro
934 1134 1051 1210 diserti,
1075 1153 1152 1195 corn·

144 1218 305 1298 parandus;
329 1219 358 1278 iu
379 1218 530 1279 affectibus
552 1235 625 1277 vero
649 1236 713 1277 cum
735 1217 865 1277 omnihus
885 1218 972 1278 mirus
990 1227 1047 1278 tum
1063 1219 1090 1278 in
1106 1221 1153 1296 iis,

102 1305 192 1381 69qui
213 1303 397 1363 miseratione
420 1311 570 1378 constant,
595 1301 683 1362 facile
704 1303 889 1381 praecipuus.
934 1299 972 1361 llt
997 1301 1153 1364 admiratus

144 1387 267 1447 maxime
284 1395 339 1462 est,
355 1395 386 1446 ut
401 1404 492 1465 saepe
509 1394 647 1462 testatur,
664 1393 693 1445 et
711 1404 775 1445 euru
792 1393 926 1461 secutus,
946 1402 1108 1465 quanquam
1123 1388 1153 1447 in

145 1486 236 1548 opere
249 1470 376 1546 diverso,
388 1467 604 1545 Menander,
619 1471 667 1547 qui
679 1468 728 1529 vel
739 1487 821 1545 unus,
831 1486 897 1528 meo
909 1468 1022 1546 quidem
1034 1470 1153 1548 iudicio,

145 1553 300 1630 diligenter
311 1553 405 1613 lectus
418 1554 453 1614 ad
466 1564 580 1629 cuneta,
592 1570 666 1631 quae
682 1554 886 1632 praecipimus,
905 1552 1057 1613 efficienda
1073 1554 1151 1614 sufli-

146 1638 216 1706 ciat;
239 1638 278 1697 ita
293 1654 405 1697 omnem
428 1639 506 1697 vitae
521 1637 672 1715 imaginem
690 1638 852 1715 expressit,
875 1645 952 1696 tanta
973 1638 1002 1696 in
1021 1652 1057 1697 eo
1072 1637 1153 1698 inve-

145 1721 240 1781 nieudi
264 1721 347 1801 copia
370 1730 399 1782 et
420 1721 578 1801 eloquendi
601 1720 741 1798 facultas,
769 1723 808 1781 ita
832 1729 877 1780 est
900 1720 1030 1780 omuibus
1051 1721 1152 1799 rebus,

103 1806 290 1885 topersonis,
307 1805 459 1866 affectibus
474 1804 717 1866 accommodatus.
754 1802 818 1864 Nec
833 1803 902 1864 nihil
920 1805 1056 1882 profecto
1072 1806 1152 1866 vide·

145 1898 219 1966 runt,
237 1890 286 1968 qui
298 1891 455 1966 orationes,
473 1908 547 1969 quae
560 1886 682 1948 Charisii
693 1889 807 1948 uomiue
824 1887 955 1963 eduntur,
968 1886 1153 1949 alienandro

146 1975 271 2052 scriptas
288 1982 395 2051 putant.
424 1973 483 2034 Sed
494 1972 560 2032 mihi
573 1972 660 2049 longe
675 1973 767 2050 magis
781 1981 880 2032 orator
889 1971 1007 2050 probari
1019 1973 1047 2032 in
1060 1990 1152 2052 opere

146 2072 200 2116 suo
216 2057 339 2133 videtur,
355 2058 409 2116 nisi
420 2056 497 2118 forte
510 2066 556 2117 aut
568 2055 617 2117 illa
627 2055 702 2116 mala
714 2056 829 2131 iudicia,
846 2072 920 2132 quae
932 2053 1151 2135 Epitrepontes,

145 2139 319 2219 Epicleros,
341 2140 454 2200 Locroe
474 2139 595 2215 habent,
624 2149 672 2199 aut
694 2139 893 2200 meditationes
916 2140 944 2198 in
965 2139 1152 2220 Psophodee,

146 2222 337 2300 Nomothete,
366 2223 599 2302 Hypobolimaeo
625 2240 683 2282 non
716 2222 845 2283 omnibus
869 2223 1004 2283 oratoriis
1025 2225 1153 2284 numeris

109 2315 212 2374 nsunt
228 2306 389 2367 absolutae.
430 2306 496 2385 ligo
516 2315 610 2366 tamen
632 2307 697 2385 plus
720 2306 814 2366 adhuc
830 2306 962 2385 quiddam
979 2307 1152 2368 collaturum

148 2407 212 2449 enm
228 2389 469 2451 declamatoribus
482 2399 563 2470 puto,
583 2391 715 2470 quoniam
730 2390 774 2450 his
789 2408 915 2450 necesse
931 2399 977 2450 est
994 2391 1153 2451 secundum

147 2475 347 2535 condicionem
360 2475 622 2535 controversiarum
633 2473 733 2555 plures
745 2472 842 2534 subire
858 2490 1011 2552 personas,
1027 2483 1152 2554 patrum,

146 2558 279 2635 liliorum,
291 2558 419 2634 militum,
431 2560 614 2635 rusticorum,
632 2558 759 2634 divitum,
771 2575 940 2637 pauperum,
956 2559 1152 2636 irascentium,

146 2641 373 2722 deprecantium,
389 2644 507 2720 mitium,
526 2658 705 2722 asperorum.
751 2639 782 2701 ln
803 2640 907 2720 quibus
930 2640 1061 2702 omuibus
1081 2643 1153 2701 mire

105 2726 306 2794 tncustoditur
323 2726 432 2787 abhoc
453 2735 541 2806 poeta
564 2720 663 2786 decor.
684 2725 803 2804 *Atque
824 2725 875 2786 ille
891 2726 1005 2804 quidem
1021 2724 1152 2785 omnibus

147 2808 275 2869 eiusdem
292 2812 391 2888 operis
410 2809 575 2871 auctoribus
593 2809 710 2870 abstulit
725 2826 828 2868 nomen
845 2817 874 2868 et
893 2808 1010 2887 fulgore
1028 2809 1153 2888 quodam

148 2911 217 2952 suae
240 2892 377 2954 claritatis
396 2894 531 2954 tenebras
548 2893 677 2953 obduxit.
711 2890 819 2953 Tamen
832 2892 939 2953 habent
962 2893 1010 2953 alli
1035 2909 1153 2972 quoqne

148 2973 272 3052 Comici,
296 2978 320 3035 si
341 2995 403 3036 cum
418 2980 501 3038 venia
516 2977 661 3054 leguntur,
680 2976 819 3056 quaedam
837 2994 911 3056 quae
929 2979 1025 3055 possis
1050 2978 1152 3037 decer·

147 3077 234 3138 pere;
261 3067 290 3120 et
308 3062 465 3140 praecipue
485 3060 693 3136 Philemon,
716 3062 764 3139 qui
784 3070 814 3121 nt
837 3060 935 3139 pravis
951 3063 995 3121 sui
1010 3061 1153 3140 temporis

147 3142 259 3204 iudiciis
280 3141 437 3204 blenandro
459 3162 549 3223 saepe
572 3143 719 3223 praelatus
741 3153 801 3204 est:
826 3146 865 3204 ita
889 3159 1034 3204 consensu
1057 3152 1154 3204 tamen

148 3228 271 3287 omnium
287 3228 392 3287 meruit
408 3228 487 3288 credi
502 3226 655 3288 secundus.
901 3233 903 3237 ’

106 3319 140 3376 73
230 3310 257 3372 ll
263 3310 429 3372 istoriam
445 3310 524 3371 multi
542 3313 696 3391 scripsere,
709 3312 879 3391 praeclare,
902 3310 954 3372 sed
969 3328 1055 3372 nemo
1071 3309 1152 3371 dubl·

148 3404 190 3457 tat
204 3396 293 3475 longe
308 3395 381 3456 duos
407 3396 513 3456 ceteris
527 3395 756 3475 praeferendos,
780 3412 901 3474 quorum
923 3395 1038 3456 diversa
1061 3396 1154 3455 virtus

144 3478 260 3540 laudem
273 3497 371 3560 paene
394 3489 439 3541 est
461 3497 559 3559 parem
589 3478 755 3540 consecuta.
803 3478 919 3540 Densus
941 3487 969 3539 et
998 3477 1099 3539 brevis
1122 3487 1153 3539 et

128 3610 240 3636 a*
