2408 3854
352 184 442 233 rnen.
457 183 792 260 onnuoa.n1n.xu,a.
1018 174 1079 235 203

72 347 157 400 scunt
169 347 198 398 et
210 336 367 416 quamlibet
379 337 470 416 longo
485 339 588 398 itinere
599 337 723 399 deducta
734 341 769 401 ad
782 350 913 401 assuetas
926 340 980 401 sibi
993 342 1081 403 sedes
1178 342 1187 359 “

44 437 47 442 ·
73 431 264 483 revertuntur.
300 418 395 494 Quid?
418 439 482 498 ,non
506 421 582 481 lraec
609 423 736 482 varietas
758 425 829 484 mira
851 435 913 500 est,
942 425 1081 485 excidere

74 507 221 586 proxima,
249 514 351 564 vetera
378 503 555 564 inhaerere?
586 504 788 567 hesternorum
810 510 994 568 immemores
1018 518 1081 567 acta

74 590 218 669 pueritiae
233 584 406 648 recordari?
438 584 534 661 Quid?
561 589 638 666 quod
661 590 802 669 quaedam
821 592 961 670 requisita
982 609 1015 651 se
1032 598 1109 652 oc·7

74 673 183 733 cultant
199 681 228 732 et
245 671 348 734 eadem
362 670 438 730 forte
454 669 645 732 succurrunt?
660 690 716 732 nec
730 684 826 734 manet
841 692 959 753 semper
974 691 1081 734 memo·

72 760 117 817 ria
133 756 189 815 sed
205 754 359 835 aliquando
378 756 464 814 etiam
481 753 576 814 rediti
606 755 775 817 Nesciretur
790 767 901 833 tamen,
919 767 1023 838 quanta
1038 759 1083 816 vis

74 849 156 900 esset
172 841 250 914 eius,
273 847 377 916 quanta
393 838 525 898 divinitas
541 838 607 914 illa,
630 841 684 899 nisi
701 839 758 900 hoc
773 841 868 901 lumen
883 842 984 901 orandi
1002 850 1082 901 extu·

74 924 167 983 lisset.
200 920 266 982 Non
287 924 361 980 enirn
381 940 478 982 rerum
499 921 585 982 modo
607 923 660 982 sed
682 924 768 984 etiam
782 923 938 985 verborum
955 926 1112 986 ordinem&

76 1015 216 1086 praestat,
233 1024 289 1065 nec
306 1024 341 1065 ea
357 1023 449 1084 pauca
466 1008 595 1065 contexit
610 1006 663 1066 sed
681 1007 764 1066 durat
778 1024 872 1086 prope
889 1010 918 1067 in
935 1009 1082 1083 inlinitum,

75 1099 104 1151 et
116 1092 144 1149 in
155 1089 332 1167 longissimis
347 1090 508 1149 actionibus
524 1091 603 1167 prius
616 1089 750 1149 audiendi
769 1092 906 1168 patientia
922 1108 1005 1169 quarn
1022 1109 1081 1151 me·

74 1175 184 1233 moriae
197 1174 271 1234 lides
284 1173 392 1233 delicit.
421 1171 506 1246 Quod
522 1183 552 1233 et
566 1175 659 1252 ipsum
675 1184 872 1250 argumentum
888 1183 942 1248 est,
960 1172 1112 1236 subesseii

75 1267 167 1318 artem
189 1256 313 1334 aliquam
331 1258 480 1335 iuvarique
504 1258 617 1317 ratione
639 1267 783 1317 naturam:
807 1276 870 1317 cum
898 1257 985 1316 iidem
1006 1256 1084 1316 docti

74 1341 176 1400 iacere
189 1340 269 1415 illud,
286 1340 394 1399 indocti
405 1341 646 1420 inexercitatique
662 1357 719 1399 non
733 1342 888 1421 possimus.
916 1340 1084 1419 Quanquam

75 1424 191 1483 invenio
216 1423 291 1501 apud
306 1423 470 1499 Platonem,
497 1422 615 1484 obstare
640 1427 797 1484 memoriae
813 1442 894 1484 usum
910 1423 1083 1491 litterarum

76 1507 216 1566 videlicet
232 1508 365 1584 quoniam
380 1507 440 1582 illa,
457 1524 531 1586 qnae
549 1509 665 1585 scriptis
680 1509 873 1586 reposuimus,
890 1507 970 1568 velut
987 1515 1082 1567 custo-

75 1592 139 1652 dire
156 1590 313 1649 desinimus
329 1598 357 1648 et
372 1591 436 1667 ipsa
451 1591 606 1650 securitate
623 1591 795 1651 dimittimus.
821 1591 886 1650 Nec
902 1590 1016 1650 dubium
1029 1598 1127 1665 est,10

78 1674 146 1753 quin
169 1674 320 1751 plurimum
344 1675 372 1731 in
394 1672 449 1731 hac
470 1681 554 1749 parte
576 1673 672 1733 valeat
693 1676 796 1733 mentis
818 1675 937 1734 intentio
961 1683 990 1733 et
1004 1673 1085 1731 velut

77 1758 157 1816 acies
175 1757 308 1815 luminum
324 1773 340 1815 a
356 1764 514 1834 prospectu
532 1774 638 1830 rerum,
657 1774 729 1835 quas
744 1758 879 1831 intuetur,
895 1772 953 1814 non
969 1772 1083 1815 aversa.

77 1840 161 1900 Unde
186 1840 306 1913 accidit,
329 1847 455 1918 atquae
480 1838 652 1916 perplures
675 1839 738 1898 dies
761 1838 911 1898 scribimus
934 1837 1084 1897 ediscendi

79 1941 177 1997 causa,
196 1923 335 2000 cogitatio
353 1924 416 2000 ipsa
434 1925 589 1981 contineat.

165 2006 295 2067 Artem
322 2015 415 2066 autem
438 2007 637 2065 memoriae
659 2006 767 2083 primus
795 2005 959 2066 ostendisse
983 2003 1125 2066 diciturll

80 2089 253 2150 Simonides.
292 2087 379 2149 (luins
399 2088 517 2165 uulgata
538 2088 636 2149 fabula
660 2098 719 2148 est:
749 2107 811 2148 eum
831 2089 921 2168 pugili
945 2095 1085 2148 coronato

80 2192 206 2249 carmen,
224 2173 310 2252 quale
327 2174 461 2250 componi
475 2171 636 2232 uictoribus
651 2172 738 2247 solet,
756 2173 894 2233 mercede
911 2181 997 2250 pacta
1015 2170 1086 2231 scri?

80 2259 203 2338 psisset,
227 2258 399 2334 abnegatam
423 2258 450 2316 ei
465 2258 607 2334 pecuniae
633 2264 760 2334 partem,
787 2256 864 2336 quod
887 2255 1086 2334 more·poetis

78 2341 314 2420 frequentissimo
331 2341 481 2418 digressus
496 2341 525 2398 in
543 2339 644 2401 laudes
662 2337 792 2399 Castoris
813 2359 848 2400 ac
862 2339 990 2400 Pollucis
1006 2339 1087 2397 exie·

80 2433 134 2484 rat.
173 2423 359 2502 Quapropter
379 2432 491 2502 partem
514 2423 550 2483 ab
571 2425 606 2482 iis
627 2432 746 2502 petere,
771 2441 891 2502 quorum
912 2422 990 2482 iacta
1007 2421 1086 2480 cele·

81 2508 211 2581 brasset,
233 2507 396 2567 iubebatur.
429 2506 467 2566 Et
483 2505 702 2584 persolverunt,
726 2516 756 2565 ut
776 2505 908 2566 traditum
932 2512 987 2563 est.
1016 2500 1129 2564 Namlb

83 2606 147 2649 cum
168 2599 249 2649 esset
269 2590 379 2666 grande
400 2591 562 2650 convivium
581 2591 610 2648 in
631 2589 771 2648 honorem
793 2588 923 2648 eiusdem
945 2586 1086 2647 victoriae

81 2682 168 2750 etque
195 2672 338 2732 adbibitus
364 2673 391 2732 ei
420 2688 532 2732 coenae
559 2671 738 2731 Simonides:
768 2673 866 2731 nuntio
893 2678 938 2731 est
964 2670 1087 2742 excitus,

83 2755 160 2836 quod
179 2774 244 2815 eum
265 2755 321 2815 duo
343 2757 464 2815 invenes
488 2757 570 2833 equis
591 2755 705 2816 advecti
721 2755 889 2815 desiderare
906 2755 1045 2813 maiorem
1059 2753 1088 2810 in

81 2839 196 2899 modum
212 2839 391 2900 dicebantur.
418 2838 455 2899 Et
470 2839 537 2899 illos
553 2838 667 2917 quidem
682 2855 740 2897 non
754 2841 873 2915 invenit,
889 2839 978 2898 inisse
994 2846 1089 2896 tamen

83 2932 183 3000 gratos
202 2942 272 3000 erga
289 2924 411 2984 sedens
428 2925 507 2983 exitu
525 2922 675 3002 comperit.
706 2921 778 2983 Nam
792 2923 842 2983 vix
857 2940 893 2982 eo
911 2922 985 2982 ultra
1002 2921 1131 2981 limenlb

83 3023 219 3083 egresso,
235 3008 387 3069 triclinium
402 3007 472 3068 illud
488 3025 574 3086 snpra
592 3007 729 3067 convivas
747 3009 856 3068 corruit
871 3017 957 3085 atque
969 3007 1008 3065 ita
1021 3021 1089 3064 con·

83 3088 165 3163 indit,
181 3099 283 3151 utnon
298 3109 349 3152 ora
363 3092 449 3151 modo
466 3108 675 3171 oppressorum
691 3091 743 3151 sed
758 3091 885 3151 membra
899 3091 983 3150 etiam
995 3087 1090 3148 omnia

84 3173 267 3250 requirentes
284 3175 320 3234 ad
337 3175 513 3252 sepulturam
533 3177 689 3255 propinqui
708 3174 786 3236 nulla
807 3184 875 3234 nota
896 3180 1016 3252 possent
1031 3170 1089 3230 dis·

40 3310 43 3315 .
85 3273 219 3317 cernere.
247 3256 317 3318 l'um
336 3259 499 3318 Simonides
514 3259 618 3320 dicitur
632 3277 744 3320 memor
758 3259 872 3333 ordine,
889 3274 946 3334 quo
967 3255 1093 3332 quisque

86 3338 282 3416 discubuerat,
300 3358 424 3419 corpora
440 3343 500 3401 suis
515 3343 688 3404 reddidisse.
716 3341 769 3402 Est
786 3351 880 3402 autem
898 3353 1000 3414 magna
1017 3337 1132 3399 interll

85 3432 222 3483 auctores
246 3424 406 3500 dissensio,
429 3423 576 3485 Glaucone
600 3424 734 3500 Carystio
757 3442 793 3485 an
808 3422 943 3483 Leocrati
958 3437 999 3479 an
1017 3418 1095 3490 age·
