2408 3854
82 247 99 259 „
154 187 192 250 18
473 197 835 256 cinnomannorum

108 365 142 419 59
233 355 278 415 De
295 371 381 414 causa
397 354 477 433 prius
493 370 529 414 an
549 352 585 412 de
607 370 732 431 persona
756 353 907 414 dicendum
922 361 976 432 slt,
999 358 1159 435 quaeritur,

151 441 288 518 varieque
307 447 353 498 est
371 435 406 495 ab
423 435 586 497 oratoribus
602 436 722 514 lactum,
738 456 753 497 a
771 435 914 498 Cicerone
936 441 1020 499 etiam
1042 440 1157 519 praela·

150 535 196 582 tae
218 523 387 602 frequenter
408 538 524 581 causae.
568 521 628 580 Sed
649 521 733 597 milri,
755 523 779 580 si
806 531 909 582 neutro
939 524 996 583 litis
1022 524 1160 585 condicio

149 608 380 686 praeponderet,
398 603 554 664 secundum
569 613 696 663 naturam
708 605 821 665 videtur
837 607 968 685 incipere
986 625 1003 667 a
1018 625 1159 686 persona.

149 691 213 753 Non
227 692 284 751 hoc
301 690 392 768 magis
405 687 544 767 generale
564 697 609 748 est
623 690 790 767 rectiorque
807 689 926 766 divisio,
945 709 981 750 an
995 691 1087 752 ullum
1104 693 1158 752 cri·

105 786 140 837 40
152 793 215 834 men
233 773 389 848 credibile,
406 790 442 832 an
453 773 519 833 hoo.
547 772 649 833 Potest
661 781 755 832 tamen
769 773 798 834 id
814 775 924 851 ipsum,
941 776 1016 834 sicut
1031 775 1158 853 plerum·

140 876 223 937 qne,
249 867 365 918 vertere
396 857 513 916 utilitas.
552 854 615 916 Nec
646 864 751 919 tantum
774 875 880 918 causae
903 857 1061 919 voluntatis
1093 868 1157 919 sunt

149 941 350 1021 quaerendae,
374 939 426 1000 sed
447 941 559 999 interim
576 948 605 998 et
621 941 744 1016 erroris,
768 950 799 1000 nt
815 939 959 1017 ebrietas,
983 942 1156 1020 ignorantia.

148 1026 220 1085 Nam
235 1025 325 1100 haec,
349 1033 379 1084 ut
402 1025 431 1083 in
449 1023 586 1103 qualitate
608 1017 717 1084 crimen
735 1024 865 1100 elevant,
888 1026 927 1085 ita
944 1025 971 1084 in
987 1027 1157 1086 coniectura

105 1122 133 1171 st
148 1118 289 1188 premunt.
328 1107 365 1168 Et
387 1125 512 1187 persona
534 1107 650 1186 quidem
673 1109 774 1168 nescio
796 1126 832 1167 an
846 1127 987 1187 unquam,
1012 1111 1113 1188 utique
1129 1111 1157 1170 in

148 1211 219 1254 vero
237 1202 302 1253 actu
320 1193 381 1267 rei,
400 1194 495 1270 possit
509 1191 657 1266 incidere,
675 1191 710 1252 de
731 1209 787 1270 qua
808 1201 910 1252 neutra
927 1211 994 1271 pars
1011 1193 1105 1263 dicat;
1121 1193 1157 1254 de

148 1279 242 1338 causis
261 1277 431 1355 frequenter
449 1276 549 1354 quaeri
570 1274 638 1334 nihil
660 1276 777 1352 attinet,
799 1285 830 1335 ut
847 1277 875 1335 in
892 1275 1058 1353 adulteriis,
1083 1279 1155 1338 utin

146 1361 248 1436 furtis,
266 1361 332 1439 quia
347 1358 412 1419 illas
430 1377 484 1438 per
498 1376 532 1418 se
549 1359 613 1437 ipsa
631 1359 748 1419 crimina
766 1377 865 1419 secum
884 1358 1000 1419 babent.

104 1457 138 1508 42
230 1444 300 1504 Post
319 1444 393 1503 haec
422 1443 557 1504 intuenda
581 1440 714 1501 videntur
739 1451 768 1502 et
795 1442 973 1511 consilia;
999 1461 1074 1522 quae
1097 1442 1155 1505 late

146 1536 263 1608 patent,
279 1527 325 1586 An
342 1526 482 1587 credibile
498 1527 551 1603 sit,
569 1545 649 1585 reuru
666 1543 819 1604 sperasse,
837 1526 865 1587 id
881 1545 897 1587 a
913 1545 945 1587 se
960 1527 1060 1588 scelus
1075 1527 1155 1588 ellici

145 1607 258 1690 posse?
278 1627 313 1670 an
328 1611 472 1688 ignorari,
489 1628 552 1670 oum
565 1607 707 1670 lecisset?
723 1628 774 1685 an,
793 1611 905 1670 etiamsi
920 1612 1082 1689 ignoratum
1099 1627 1155 1671 non

147 1704 243 1771 esset,
269 1695 381 1754 absolvi
402 1695 450 1754 vel
472 1711 567 1772 poena
593 1693 653 1754 levi
674 1695 793 1770 transigi
820 1693 868 1753 vel
891 1694 1019 1754 tardiore
1044 1695 1094 1755 vol
1118 1713 1154 1755 en

146 1797 201 1858 qua
226 1779 317 1838 minus
344 1778 516 1838 incommodi
545 1785 753 1836 consecuturus
782 1795 866 1855 qnam
892 1795 929 1837 ex
954 1778 1033 1838 iacto
1055 1778 1153 1856 gandii

102 1872 137 1925 43
146 1859 312 1924 videretur?
328 1881 363 1923 an
375 1863 460 1924 etiam
472 1863 542 1921 tanti
554 1861 697 1940 putaverit
712 1878 836 1939 poenaru
852 1858 972 1921 subire?
988 1861 1057 1922 Post
1066 1861 1152 1939 baec,

144 1946 190 2007 Au
206 1947 264 2008 alio
280 1956 414 2026 tempore
430 1956 458 2006 et
476 1944 560 2006 aliter
576 1945 675 2004 lacere
691 1945 740 2004 vel
754 1945 868 2005 facilius
884 1944 932 2005 vel
949 1946 1081 2005 securius
1101 1963 1152 2024 po·

145 2029 252 2091 tuerit?
277 2039 307 2090 ut
323 2030 392 2091 dicit
408 2028 514 2090 Cicero
531 2045 584 2106 pro
600 2026 708 2087 Milone
724 2045 894 2089 enumerans
910 2028 1048 2108 plurimas
1065 2047 1151 2089 occa·

145 2117 260 2190 siones,
278 2113 381 2193 quibus
397 2114 432 2174 ab
454 2131 490 2173 eo
508 2110 627 2172 Glodins
643 2112 757 2191 impune
778 2113 872 2172 occidi
892 2113 1028 2192 potuerit.
1047 2130 1049 2134 ·
1065 2112 1151 2173 Prae·

145 2208 243 2274 terea,
266 2216 317 2259 cur
333 2199 512 2276 potissimum
528 2195 578 2254 illo
596 2195 681 2271 loco,
706 2196 758 2256 illo
774 2205 923 2274 tempore,
940 2195 991 2256 illo
1009 2195 1097 2256 modo
1115 2195 1152 2255 sit

147 2300 323 2360 aggressus,
348 2281 463 2360 (quiet
490 2282 554 2358 ipse
571 2279 790 2355 diligentissime
807 2287 947 2339 tractatur
967 2295 1021 2359 pro
1046 2278 1149 2339 eodem

101 2366 246 2445 dllocns)
265 2383 315 2439 an,
332 2366 443 2425 etiamsi
459 2363 537 2423 nulla
553 2362 665 2423 ratione
680 2362 782 2424 ductus
799 2372 860 2439 est,
875 2365 984 2442 impetu
999 2372 1100 2442 raptus
1115 2363 1151 2421 sit

146 2458 174 2508 et
195 2448 336 2526 absque
361 2448 566 2521 sententia,
591 2447 677 2524 (nam
696 2447 785 2524 vulgo
809 2447 927 2522 dicitnr,
950 2445 1073 2506 scelera
1094 2461 1151 2506 non

146 2531 264 2676 babere?
283 2531 454 2612 consilinm)
483 2550 517 2592 an
532 2532 626 2589 ¹etiam
650 2528 858 2591 consuetudine
880 2530 1022 2608 peccandi
1049 2530 1087 2590 sit
1108 2528 1150 2590 al·

146 2618 238 2676 lectus
994 2614 997 2619 ’
1054 2671 1057 2674 .
1095 2668 1099 2675 .

197 2686 200 2691 ⁴
227 2698 360 2761 Excussa
381 2699 470 2778 prima
492 2707 593 2777 parte,
614 2717 649 2758 an
673 2698 816 2772 voluerit,
839 2697 988 2775 sequitur,
1016 2697 1070 2757 Au
1092 2712 1149 2775 po·

145 2779 285 2843 tuerit?
321 2781 376 2842 llic
399 2790 538 2844 tractatur
558 2783 659 2858 locus,
685 2791 813 2860 tempus,
840 2789 871 2839 ut
896 2780 1000 2840 furtum
1024 2781 1052 2838 in
1081 2778 1149 2840 loco

145 2868 243 2943 cluso,
260 2867 419 2945 frequenti;
439 2875 570 2945 tempore
584 2866 632 2925 vel
647 2865 765 2940 diurno,
783 2882 845 2925 cum
864 2872 957 2923 testes
969 2863 1088 2941 plures,
1101 2862 1151 2923 vel

99 2960 134 3009 45
144 2959 300 3026 nocturno,
319 2969 382 3010 cum
400 2951 491 3010 maior
506 2947 671 3009 difficultas.
704 2947 896 3027 lnspiciuntur
907 2948 1007 3025 utique
1024 2945 1149 3007 dilllcnl·

144 3044 234 3110 tates,
252 3037 441 3110 occasiones,
459 3052 533 3112 quae
550 3041 614 3093 sunt
631 3031 771 3111 plurimae
786 3032 911 3109 ideoque
932 3030 1077 3109 exemplis
1093 3047 1151 3090 non

144 3129 241 3195 egent.
282 3119 342 3183 Hic,
359 3136 485 3197 sequens
508 3117 594 3176 locus
610 3116 676 3176 talis
699 3125 760 3192 est,
783 3125 829 3192 ut,
852 3117 876 3175 si
892 3116 955 3175 lieri
970 3132 1027 3174 non
1042 3115 1149 3193 potuit,

143 3202 255 3262 sublata
272 3203 307 3264 lis
323 3204 372 3271 sit;
402 3204 426 3260 si
444 3201 553 3279 potuit,
570 3209 708 3278 sequatur
723 3201 872 3280 quaestio,
892 3217 927 3259 an
942 3198 1056 3258 lecerit.
1090 3196 1150 3270 Sed

140 3286 215 3345 baec
237 3288 321 3346 etiarn
343 3284 378 3345 ad
396 3286 479 3345 animi
502 3283 698 3344 coniecturam
720 3285 883 3363 pertinent,
907 3300 970 3343 nam
995 3291 1023 3342 et
1045 3301 1083 3343 ex
1103 3281 1148 3343 bis

141 3368 307 3446 colligitur,
330 3385 365 3429 an
390 3370 562 3446 speraverit.
611 3366 681 3428 ldeo
711 3367 838 3446 spectari
862 3365 969 3426 debent
992 3374 1021 3426 et
1043 3367 1146 3426 instro·

76 3440 251 3632 γυῖα,
267 3460 298 3511 nt
313 3450 407 3512 clodii
423 3470 458 3512 ac
478 3450 595 3512 llilorris
612 3453 773 3512 comitatus.
