2408 3854
151 185 209 248 128
466 197 502 245 m.
517 195 595 242 sus.
614 194 833 255 quarumnam

148 362 228 427 ctus,
250 352 328 430 quod
351 354 379 411 in
400 347 472 410 aure
491 349 570 409 velut
591 347 715 427 quodam
732 348 878 408 vestibulo
898 350 993 408 statim
1016 349 1152 417 offendit;

149 435 252 497 deinde
269 436 346 513 quod
367 444 467 494 natura
489 432 617 492 ducimur
637 432 673 492 ad
694 432 805 492 modos.
848 430 951 510 Neque
971 433 1045 491 enim
1068 432 1155 493 aliter

149 522 297 594 eueniret,
327 529 357 579 ut
381 516 423 577 illi
443 534 559 595 quoque
575 533 749 593 organorum
773 517 856 591 soni,
878 534 1040 594 quanquam
1062 516 1154 576 verba

149 621 206 663 non
229 605 405 681 exprimunt,
432 600 460 658 in
480 599 554 659 alios
579 609 673 660 tumen
695 609 783 678 utque
805 598 879 658 alios
901 609 995 658 motus
1012 599 1154 660 ducerent

109 689 317 753 llauditorem.
355 685 387 745 ln
408 682 612 744 certaminibus
635 683 727 742 sacris
748 700 806 742 non
825 683 926 743 eadem
949 685 1061 743 ratione
1084 701 1151 744 con·

149 773 236 831 citant
252 771 361 830 animos
378 786 413 830 ac
428 769 585 834 remittunt;
602 783 659 825 nou
672 767 791 827 eosdem
805 766 907 826 modos
920 766 1070 843 adhibent,
1089 785 1152 828 cum

148 855 284 915 bellicum
300 863 346 914 est
360 851 518 912 canendum
536 861 565 910 et
581 869 644 911 curn
655 852 751 929 posito
763 869 839 928 genn
855 849 1074 928 supplicandum
1092 861 1151 918 est;

130 957 204 998 vnec
230 938 305 998 idem
327 939 475 1014 signorum
495 943 655 995 concentus
682 944 726 993 est
750 933 929 1011 procedente
952 934 987 994 ad
1009 934 1153 1012 proelium

109 1023 294 1097 ltexercitu,
319 1019 394 1080 idem
418 1020 550 1096 receptui
573 1036 697 1078 carmen.
742 1017 932 1094 Pythagoreis
959 1026 1040 1077 certe
1063 1021 1152 1078 moris

149 1106 217 1182 luit,
243 1115 273 1165 et
297 1123 361 1164 cum
383 1103 586 1181 evigilassem,
613 1104 723 1162 animos
745 1102 780 1161 ad
805 1101 895 1176 lyram
919 1104 1064 1177 excitare,
1094 1119 1152 1181 quo

149 1198 248 1250 essent
263 1190 298 1249 ad
315 1188 457 1266 agendum
473 1189 649 1254 erectiorem
672 1195 701 1245 et
719 1204 782 1246 cum
800 1202 928 1244 somnum
947 1194 1097 1264 peterent,
1116 1186 1153 1246 ud

149 1274 269 1334 eandem
285 1275 364 1350 prius
388 1271 480 1332 lenire
497 1279 624 1346 mentes,
648 1280 694 1345 ut,
717 1272 742 1329 si
763 1269 830 1348 quid
845 1269 949 1329 luisset
964 1269 1152 1330 turbidiorum

107 1371 141 1426 13
151 1357 373 1435 cogitationum,
391 1365 610 1434 componerent.
649 1352 759 1427 Quodsi
777 1355 902 1414 numeris
918 1371 953 1424 ac
968 1355 1060 1414 modis
1076 1354 1153 1413 iuest

149 1441 289 1520 quaedam
310 1441 396 1500 tacita
414 1440 476 1498 vis:
502 1439 530 1497 in
553 1439 684 1498 oratione
702 1446 747 1497 est
766 1438 1032 1504 vehementissima;
1063 1455 1151 1516 quan·

149 1535 264 1602 tumque
288 1524 424 1597 interest,
447 1540 550 1582 sensus
571 1522 645 1582 idem
667 1521 770 1600 quibus
791 1520 890 1582 verbis
911 1521 1065 1603 efferatur,
1090 1530 1151 1582 tau·

148 1618 216 1682 tum,
232 1606 322 1666 verba
335 1608 436 1667 eadem
450 1624 505 1685 qua
520 1607 732 1685 compositione
744 1606 792 1666 vel
804 1608 833 1664 in
844 1615 924 1665 textu
939 1607 1091 1682 iungantur
1102 1604 1151 1665 vel

147 1695 176 1750 in
190 1692 245 1750 line
262 1691 438 1751 claudantur.
484 1687 557 1750 Nam
572 1690 713 1768 quaedam
732 1698 761 1749 et
776 1691 926 1749 sententiis
937 1707 1026 1768 parva
1042 1697 1072 1748 et
1089 1688 1150 1748 elo-

107 1777 263 1839 ldcutione
279 1774 392 1834 modica
407 1776 496 1834 virtus
516 1773 591 1834 haec
609 1774 673 1833 sola
691 1775 881 1835 commendat.
922 1773 1055 1850 Denique
1074 1772 1152 1850 quod

149 1861 352 1936 cuiquevisum
361 1860 415 1918 erit
426 1857 625 1933 uehementer,
634 1856 769 1933 dulciter,
781 1859 920 1936 speciose
929 1858 1045 1933 dictum,
1055 1857 1152 1918 solvat

148 1953 178 2003 et
192 1941 305 2003 turbet:
328 1942 431 2004 abierit
449 1944 539 2002 omnis
555 1944 616 2017 vis,
633 1941 809 2017 iucunditas,
827 1941 927 2001 decor.
957 1940 1050 2001 Solvit
1063 1957 1151 2020 quae-

147 2030 211 2090 dam
227 2045 279 2087 sua
296 2029 325 2087 in
340 2024 463 2086 Oratore
479 2024 601 2087 Cicero:
618 2023 723 2103 Neque
735 2045 783 2086 mc
797 2025 922 2086 dicitius
935 2033 1067 2099 moueat,
1086 2026 1151 2104 qui·

147 2112 204 2172 bue
218 2129 320 2172 ornnes
329 2109 497 2189 Africanos
511 2118 540 2171 ct
554 2107 675 2172 Luclim
689 2109 776 2170 molti
789 2109 933 2173 venalicii
950 2116 1151 2171 assecutores·

147 2211 206 2272 que
220 2201 425 2272 superarunt,
449 2202 478 2253 et
501 2195 686 2271 insequentes
703 2193 842 2272 deinceps
858 2194 1012 2271 periodos;
1037 2210 1108 2272 quas
1126 2193 1151 2252 si

148 2278 183 2337 ad
200 2276 280 2337 illum
295 2277 409 2337 modum
424 2277 540 2337 turbes:
562 2277 642 2338 velut
656 2279 748 2338 fracta
765 2285 813 2337 aut
827 2288 993 2337 transversa
1008 2276 1068 2337 tela
1082 2292 1150 2355 pro·

107 2362 264 2422 lbieceris.
309 2359 388 2421 Idem
410 2361 545 2438 corrigit,
570 2378 644 2438 quac
671 2379 687 2420 a
709 2360 841 2421 Graccho
863 2362 1024 2440 composita
1052 2360 1150 2421 durius

146 2453 236 2523 putat.
260 2443 344 2504 lllum
358 2444 459 2512 decet;
476 2461 529 2503 nos
544 2445 599 2505 hac
614 2463 710 2506 sumus
726 2443 898 2522 probatione
913 2445 1055 2520 conteuti,
1073 2443 1151 2524 quod

147 2527 369 2599 inscribendo,
400 2546 529 2607 quaese
551 2529 635 2589 nobis
661 2529 801 2590 solutiora
822 2527 1006 2605 obtuleruut,
1031 2545 1150 2606 compo·

146 2613 247 2671 nimus.
297 2611 372 2685 Quid
395 2613 470 2671 eninr
490 2615 590 2673 attinet
611 2631 709 2673 eorum
735 2613 867 2691 exempla
894 2630 1054 2690 quaerere,
1075 2630 1150 2692 quaa

146 2695 200 2754 sibi
216 2698 339 2774 quisque
356 2697 485 2775 experiri
500 2694 619 2775 potest?
655 2696 729 2757 Illud
744 2705 863 2757 notasse
878 2698 948 2758 satis
963 2695 1075 2772 habeo,
1092 2714 1150 2774 quo

146 2778 312 2856 pulchriora
333 2790 362 2840 et
377 2798 465 2840 seusu
482 2790 512 2841 et
528 2780 693 2841 elocutione
710 2779 898 2856 dissolveris,
915 2781 1149 2841 decorationem

146 2865 237 2944 magis
260 2862 419 2923 deformem
442 2865 525 2940 lore,
561 2867 626 2944 quia
651 2864 830 2942 negligentia
855 2864 1058 2926 collocationis
1087 2865 1150 2943 ipsa

108 2944 300 3010 loverborum
323 2945 390 3007 luce
416 2948 650 3027 deprehenditur.
695 2948 797 3027 ltaque
819 2957 850 3008 ut
875 2949 1033 3025 confiteor,
1056 2965 1151 3028 paene

145 3029 271 3090 ultimam
287 3029 451 3090 oratoribus
472 3040 562 3092 artem
586 3033 821 3112 compositionis,
851 3050 925 3111 quae
948 3032 1081 3112 perlecta
1101 3031 1150 3106 sit,

147 3114 323 3191 contigisse:
345 3116 384 3174 ita
405 3114 462 3175 illis
485 3133 602 3194 quoque
624 3117 729 3195 priscis
753 3115 878 3177 habitam
899 3119 974 3177 inter
989 3133 1091 3190 curas,
1122 3117 1150 3175 in

147 3197 280 3275 quantum
295 3197 388 3259 adhuc
404 3198 608 3277 proiecerant,
634 3209 714 3278 puto.
752 3199 855 3279 Neque
878 3201 953 3260 enim
968 3199 1036 3260 mibi
1052 3216 1149 3278 quum·

147 3281 217 3340 libet
240 3300 359 3359 magnus
390 3292 493 3343 auctor
516 3281 621 3344 Cicero
649 3285 844 3362 persuaserit,
869 3283 990 3360 Lysian,
1016 3282 1146 3345 llerodo·

106 3373 221 3440 tltum,
246 3365 432 3440 Thucydiden
457 3384 556 3446 parum
577 3368 723 3429 studiosos
745 3369 807 3428 eius
828 3367 930 3427 luisse.
971 3365 1067 3429 Genus
1090 3367 1149 3428 ior-

147 3457 226 3508 tasse
249 3450 306 3510 siut
329 3452 423 3511 secuti
446 3452 616 3527 nunidem,
641 3452 718 3531 quod
742 3450 956 3514 Demosthenes
981 3461 1030 3512 aut
1050 3450 1148 3519 Plato;
