<?xml version="1.0" encoding="UTF-8"?>
<!DOCTYPE html PUBLIC "-//W3C//DTD XHTML 1.0 Transitional//EN"
    "http://www.w3.org/TR/xhtml1/DTD/xhtml1-transitional.dtd">
<html xmlns="http://www.w3.org/1999/xhtml" xml:lang="en" lang="en">
 <head>
  <title>
</title>
<meta http-equiv="Content-Type" content="text/html;charset=utf-8" />
  <meta name='ocr-system' content='tesseract 3.04.00' />
  <meta name='ocr-capabilities' content='ocr_page ocr_carea ocr_par ocr_line ocrx_word'/>
</head>
<body>
  <div class='ocr_page' id='page_1' title='image "./mfabiiquintilia08quingoog_0259.png"; bbox 0 0 2408 3854; ppageno 0'>
   <div class='ocr_carea' id='block_1_1' title="bbox 142 178 843 250">
    <p class='ocr_par' dir='ltr' id='par_1_1' title="bbox 142 178 843 250">
     <span class='ocr_line' id='line_1_1' title="bbox 142 178 843 250; baseline 0.001 -11"><span class='ocrx_word' id='word_1_1' title='bbox 142 178 204 240; x_wconf 79' lang='lat'>234</span> <span class='ocrx_word' id='word_1_2' title='bbox 454 192 491 238; x_wconf 80' lang='lat' dir='ltr'>rs.</span> <span class='ocrx_word' id='word_1_3' title='bbox 507 191 587 238; x_wconf 82' lang='lat' dir='ltr'>ssa.</span> <span class='ocrx_word' id='word_1_4' title='bbox 605 190 843 250; x_wconf 78' lang='lat' dir='ltr'>onuuununur.</span> 
     </span>
    </p>
   </div>
   <div class='ocr_carea' id='block_1_2' title="bbox 69 343 1146 3518">
    <p class='ocr_par' dir='ltr' id='par_1_2' title="bbox 69 343 1146 3518">
     <span class='ocr_line' id='line_1_2' title="bbox 141 343 1146 424; baseline 0.001 -18"><span class='ocrx_word' id='word_1_5' title='bbox 141 356 260 407; x_wconf 89' lang='lat' dir='ltr'>oratore</span> <span class='ocrx_word' id='word_1_6' title='bbox 273 346 399 405; x_wconf 90' lang='lat' dir='ltr'>acutior:</span> <span class='ocrx_word' id='word_1_7' title='bbox 421 344 570 424; x_wconf 75' lang='lat' dir='ltr'>Suscepto</span> <span class='ocrx_word' id='word_1_8' title='bbox 583 346 671 421; x_wconf 80' lang='lat' dir='ltr'>dello,</span> <span class='ocrx_word' id='word_1_9' title='bbox 691 343 821 419; x_wconf 79' lang='lat' dir='ltr'>Caesar,</span> <span class='ocrx_word' id='word_1_10' title='bbox 832 354 917 423; x_wconf 79' lang='lat' dir='ltr'>posto</span> <span class='ocrx_word' id='word_1_11' title='bbox 928 346 991 406; x_wconf 84' lang='lat' dir='ltr'>ium</span> <span class='ocrx_word' id='word_1_12' title='bbox 1002 347 1095 407; x_wconf 83' lang='lat' dir='ltr'>ctiam</span> <span class='ocrx_word' id='word_1_13' title='bbox 1105 365 1146 407; x_wconf 79' lang='lat' dir='ltr'>cs</span> 
     </span>
     <span class='ocr_line' id='line_1_3' title="bbox 137 425 1144 508; baseline -0.001 -17"><span class='ocrx_word' id='word_1_14' title='bbox 137 438 232 508; x_wconf 83' lang='lat' dir='ltr'>porte</span> <span class='ocrx_word' id='word_1_15' title='bbox 242 447 364 507; x_wconf 80' lang='lat' dir='ltr'>mopso.</span> <span class='ocrx_word' id='word_1_16' title='bbox 390 428 535 489; x_wconf 82' lang='lat' dir='ltr'>Praedixit</span> <span class='ocrx_word' id='word_1_17' title='bbox 546 429 635 489; x_wconf 90' lang='lat' dir='ltr'>enirn:</span> <span class='ocrx_word' id='word_1_18' title='bbox 651 425 804 502; x_wconf 73' lang='lat' dir='ltr'>Quorsum</span> <span class='ocrx_word' id='word_1_19' title='bbox 814 437 923 507; x_wconf 84' lang='lat' dir='ltr'>potero</span> <span class='ocrx_word' id='word_1_20' title='bbox 933 447 1008 490; x_wconf 89' lang='lat' dir='ltr'>ooce</span> <span class='ocrx_word' id='word_1_21' title='bbox 1019 437 1144 490; x_wconf 79' lang='lat' dir='ltr'>comen-</span> 
     </span>
     <span class='ocr_line' id='line_1_4' title="bbox 143 512 1145 591; baseline -0.003 -16"><span class='ocrx_word' id='word_1_22' title='bbox 143 516 232 588; x_wconf 83' lang='lat' dir='ltr'>dam,</span> <span class='ocrx_word' id='word_1_23' title='bbox 253 520 284 573; x_wconf 85' lang='lat' dir='ltr'>m</span> <span class='ocrx_word' id='word_1_24' title='bbox 301 514 434 591; x_wconf 84' lang='lat' dir='ltr'>populos</span> <span class='ocrx_word' id='word_1_25' title='bbox 453 513 510 574; x_wconf 79' lang='lat' dir='ltr'>ltoc</span> <span class='ocrx_word' id='word_1_26' title='bbox 526 512 683 574; x_wconf 81' lang='lat' dir='ltr'>Romanus</span> <span class='ocrx_word' id='word_1_27' title='bbox 698 515 857 575; x_wconf 75' lang='lat' dir='ltr'>exaudiat.</span> <span class='ocrx_word' id='word_1_28' title='bbox 889 512 1145 586; x_wconf 86' lang='lat' dir='ltr'>Pauluminlorior</span> 
     </span>
     <span class='ocr_line' id='line_1_5' title="bbox 141 593 1143 673; baseline 0.002 -17"><span class='ocrx_word' id='word_1_29' title='bbox 141 607 169 656; x_wconf 91' lang='lat' dir='ltr'>et</span> <span class='ocrx_word' id='word_1_30' title='bbox 186 595 297 656; x_wconf 89' lang='lat' dir='ltr'>habens</span> <span class='ocrx_word' id='word_1_31' title='bbox 312 596 419 673; x_wconf 91' lang='lat' dir='ltr'>aliquid</span> <span class='ocrx_word' id='word_1_32' title='bbox 434 597 490 656; x_wconf 91' lang='lat' dir='ltr'>iam</span> <span class='ocrx_word' id='word_1_33' title='bbox 505 596 703 656; x_wconf 88' lang='lat' dir='ltr'>iucunditatis:</span> <span class='ocrx_word' id='word_1_34' title='bbox 722 593 804 668; x_wconf 80' lang='lat' dir='ltr'>omo</span> <span class='ocrx_word' id='word_1_35' title='bbox 818 598 897 658; x_wconf 78' lang='lat' dir='ltr'>enim</span> <span class='ocrx_word' id='word_1_36' title='bbox 912 606 982 657; x_wconf 84' lang='lat' dir='ltr'>tuus</span> <span class='ocrx_word' id='word_1_37' title='bbox 995 597 1062 671; x_wconf 82' lang='lat' dir='ltr'>ills,</span> <span class='ocrx_word' id='word_1_38' title='bbox 1082 595 1143 658; x_wconf 81' lang='lat' dir='ltr'>Tm·</span> 
     </span>
     <span class='ocr_line' id='line_1_6' title="bbox 81 677 1144 758; baseline -0.007 -12"><span class='ocrx_word' id='word_1_39' title='bbox 81 689 131 746; x_wconf 80' lang='lat'>167</span> <span class='ocrx_word' id='word_1_40' title='bbox 140 682 223 756; x_wconf 85' lang='lat' dir='ltr'>bero,</span> <span class='ocrx_word' id='word_1_41' title='bbox 237 681 269 740; x_wconf 84' lang='lat' dir='ltr'>in</span> <span class='ocrx_word' id='word_1_42' title='bbox 284 682 353 741; x_wconf 86' lang='lat' dir='ltr'>acic</span> <span class='ocrx_word' id='word_1_43' title='bbox 369 677 555 741; x_wconf 79' lang='lat' dir='ltr'>Pisorsolico</span> <span class='ocrx_word' id='word_1_44' title='bbox 566 681 692 758; x_wconf 74' lang='lat' dir='ltr'>qludius</span> <span class='ocrx_word' id='word_1_45' title='bbox 708 680 841 757; x_wconf 79' lang='lat' dir='ltr'>cchot?</span> <span class='ocrx_word' id='word_1_46' title='bbox 872 679 988 740; x_wconf 84' lang='lat' dir='ltr'><strong>Plenius</strong></span> <span class='ocrx_word' id='word_1_47' title='bbox 1003 679 1098 740; x_wconf 89' lang='lat' dir='ltr'>adhuc</span> <span class='ocrx_word' id='word_1_48' title='bbox 1114 690 1144 740; x_wconf 86' lang='lat' dir='ltr'>et</span> 
     </span>
     <span class='ocr_line' id='line_1_7' title="bbox 138 761 1143 841; baseline 0.002 -17"><span class='ocrx_word' id='word_1_49' title='bbox 138 764 243 824; x_wconf 90' lang='lat' dir='ltr'>lentius</span> <span class='ocrx_word' id='word_1_50' title='bbox 258 763 384 840; x_wconf 87' lang='lat' dir='ltr'>ideoque</span> <span class='ocrx_word' id='word_1_51' title='bbox 400 762 529 823; x_wconf 91' lang='lat' dir='ltr'>dulcius:</span> <span class='ocrx_word' id='word_1_52' title='bbox 552 761 590 823; x_wconf 84' lang='lat' dir='ltr'>ln</span> <span class='ocrx_word' id='word_1_53' title='bbox 606 771 693 825; x_wconf 81' lang='lat' dir='ltr'>coetu</span> <span class='ocrx_word' id='word_1_54' title='bbox 707 782 780 824; x_wconf 82' lang='lat' dir='ltr'>occo</span> <span class='ocrx_word' id='word_1_55' title='bbox 791 765 897 841; x_wconf 85' lang='lat' dir='ltr'>populi</span> <span class='ocrx_word' id='word_1_56' title='bbox 906 763 1024 826; x_wconf 81' lang='lat' dir='ltr'><em>Roman</em></span> <span class='ocrx_word' id='word_1_57' title='bbox 1037 766 1143 841; x_wconf 79' lang='lat' dir='ltr'>irrepo-</span> 
     </span>
     <span class='ocr_line' id='line_1_8' title="bbox 138 847 1142 924; baseline 0 -16"><span class='ocrx_word' id='word_1_58' title='bbox 138 850 211 908; x_wconf 88' lang='lat' dir='ltr'>tium</span> <span class='ocrx_word' id='word_1_59' title='bbox 222 848 380 923; x_wconf 68' lang='lat' dir='ltr'>pudicam</span> <span class='ocrx_word' id='word_1_60' title='bbox 390 865 513 923; x_wconf 75' lang='lat' dir='ltr'>pereas.</span> <span class='ocrx_word' id='word_1_61' title='bbox 539 847 729 908; x_wconf 87' lang='lat' dir='ltr'>Producenda</span> <span class='ocrx_word' id='word_1_62' title='bbox 744 849 839 907; x_wconf 90' lang='lat' dir='ltr'>omnia</span> <span class='ocrx_word' id='word_1_63' title='bbox 854 848 1070 924; x_wconf 82' lang='lat' dir='ltr'>trahendaeque</span> <span class='ocrx_word' id='word_1_64' title='bbox 1082 857 1142 908; x_wconf 90' lang='lat' dir='ltr'>tum</span> 
     </span>
     <span class='ocr_line' id='line_1_9' title="bbox 137 929 1141 1009; baseline 0.001 -20"><span class='ocrx_word' id='word_1_65' title='bbox 137 930 260 991; x_wconf 87' lang='lat' dir='ltr'>vocales</span> <span class='ocrx_word' id='word_1_66' title='bbox 288 929 522 1009; x_wconf 78' lang='lat' dir='ltr'>aperiendaeque</span> <span class='ocrx_word' id='word_1_67' title='bbox 549 940 614 990; x_wconf 86' lang='lat' dir='ltr'>sum</span> <span class='ocrx_word' id='word_1_68' title='bbox 639 931 749 990; x_wconf 89' lang='lat' dir='ltr'>lauces.</span> <span class='ocrx_word' id='word_1_69' title='bbox 784 930 920 991; x_wconf 88' lang='lat' dir='ltr'>Pleniore</span> <span class='ocrx_word' id='word_1_70' title='bbox 946 940 1041 990; x_wconf 85' lang='lat' dir='ltr'>tamen</span> <span class='ocrx_word' id='word_1_71' title='bbox 1067 929 1141 990; x_wconf 90' lang='lat' dir='ltr'>haec</span> 
     </span>
     <span class='ocr_line' id='line_1_10' title="bbox 138 1011 1140 1092; baseline 0 -18"><span class='ocrx_word' id='word_1_72' title='bbox 138 1015 231 1074; x_wconf 90' lang='lat' dir='ltr'>canali</span> <span class='ocrx_word' id='word_1_73' title='bbox 247 1012 350 1073; x_wconf 87' lang='lat' dir='ltr'>duum:</span> <span class='ocrx_word' id='word_1_74' title='bbox 379 1011 454 1090; x_wconf 89' lang='lat' dir='ltr'>Vos,</span> <span class='ocrx_word' id='word_1_75' title='bbox 476 1012 591 1076; x_wconf 83' lang='lat' dir='ltr'>Albani</span> <span class='ocrx_word' id='word_1_76' title='bbox 604 1016 711 1075; x_wconf 83' lang='lat' dir='ltr'>tomuli</span> <span class='ocrx_word' id='word_1_77' title='bbox 728 1023 821 1092; x_wconf 83' lang='lat' dir='ltr'>etque</span> <span class='ocrx_word' id='word_1_78' title='bbox 840 1016 912 1076; x_wconf 87' lang='lat' dir='ltr'>tuci.</span> <span class='ocrx_word' id='word_1_79' title='bbox 953 1015 1012 1073; x_wconf 89' lang='lat' dir='ltr'>lam</span> <span class='ocrx_word' id='word_1_80' title='bbox 1036 1017 1140 1074; x_wconf 90' lang='lat' dir='ltr'>cantici</span> 
     </span>
     <span class='ocr_line' id='line_1_11' title="bbox 137 1097 1139 1177; baseline 0.002 -21"><span class='ocrx_word' id='word_1_81' title='bbox 137 1099 271 1177; x_wconf 86' lang='lat' dir='ltr'>quiddam</span> <span class='ocrx_word' id='word_1_82' title='bbox 288 1097 395 1157; x_wconf 86' lang='lat' dir='ltr'>habent</span> <span class='ocrx_word' id='word_1_83' title='bbox 410 1100 575 1176; x_wconf 84' lang='lat' dir='ltr'>sensimque</span> <span class='ocrx_word' id='word_1_84' title='bbox 591 1100 808 1176; x_wconf 84' lang='lat' dir='ltr'>resupinantur:</span> <span class='ocrx_word' id='word_1_85' title='bbox 824 1097 914 1160; x_wconf 81' lang='lat' dir='ltr'>Soco</span> <span class='ocrx_word' id='word_1_86' title='bbox 931 1106 1024 1175; x_wconf 83' lang='lat' dir='ltr'>utque</span> <span class='ocrx_word' id='word_1_87' title='bbox 1037 1100 1139 1159; x_wconf 84' lang='lat' dir='ltr'>solito·</span> 
     </span>
     <span class='ocr_line' id='line_1_12' title="bbox 77 1180 1138 1260; baseline -0.006 -14"><span class='ocrx_word' id='word_1_88' title='bbox 77 1191 128 1248; x_wconf 82' lang='lat'>168</span> <span class='ocrx_word' id='word_1_89' title='bbox 136 1183 224 1243; x_wconf 84' lang='lat' dir='ltr'>diaes</span> <span class='ocrx_word' id='word_1_90' title='bbox 238 1183 306 1243; x_wconf 87' lang='lat' dir='ltr'>coci</span> <span class='ocrx_word' id='word_1_91' title='bbox 322 1184 516 1260; x_wconf 82' lang='lat' dir='ltr'>respondeat.</span> <span class='ocrx_word' id='word_1_92' title='bbox 547 1180 635 1242; x_wconf 78' lang='lat' dir='ltr'>&#39;l&#39;ales</span> <span class='ocrx_word' id='word_1_93' title='bbox 655 1192 720 1243; x_wconf 89' lang='lat' dir='ltr'>sunt</span> <span class='ocrx_word' id='word_1_94' title='bbox 743 1182 812 1242; x_wconf 86' lang='lat' dir='ltr'>illae</span> <span class='ocrx_word' id='word_1_95' title='bbox 827 1182 1029 1242; x_wconf 78' lang='lat' dir='ltr'>inclinationes</span> <span class='ocrx_word' id='word_1_96' title='bbox 1044 1184 1138 1256; x_wconf 87' lang='lat' dir='ltr'>vocis,</span> 
     </span>
     <span class='ocr_line' id='line_1_13' title="bbox 135 1265 1140 1344; baseline -0.001 -19"><span class='ocrx_word' id='word_1_97' title='bbox 135 1284 206 1344; x_wconf 86' lang='lat' dir='ltr'>quas</span> <span class='ocrx_word' id='word_1_98' title='bbox 222 1266 345 1325; x_wconf 87' lang='lat' dir='ltr'>invicem</span> <span class='ocrx_word' id='word_1_99' title='bbox 361 1265 575 1325; x_wconf 88' lang='lat' dir='ltr'>Demosthenes</span> <span class='ocrx_word' id='word_1_100' title='bbox 593 1275 680 1344; x_wconf 87' lang='lat' dir='ltr'>atque</span> <span class='ocrx_word' id='word_1_101' title='bbox 695 1266 858 1326; x_wconf 79' lang='lat' dir='ltr'>Aeschines</span> <span class='ocrx_word' id='word_1_102' title='bbox 877 1266 1065 1344; x_wconf 87' lang='lat' dir='ltr'>exprobrant,</span> <span class='ocrx_word' id='word_1_103' title='bbox 1081 1282 1140 1324; x_wconf 90' lang='lat' dir='ltr'>nou</span> 
     </span>
     <span class='ocr_line' id='line_1_14' title="bbox 69 1349 1137 1428; baseline 0.002 -21"><span class='ocrx_word' id='word_1_104' title='bbox 69 1416 72 1421; x_wconf 51' lang='grc'>,</span> <span class='ocrx_word' id='word_1_105' title='bbox 133 1350 201 1410; x_wconf 91' lang='lat' dir='ltr'>ideo</span> <span class='ocrx_word' id='word_1_106' title='bbox 219 1349 442 1426; x_wconf 68' lang='lat' dir='ltr'>improbandam</span> <span class='ocrx_word' id='word_1_107' title='bbox 466 1367 530 1408; x_wconf 89' lang='lat' dir='ltr'>cum</span> <span class='ocrx_word' id='word_1_108' title='bbox 547 1350 623 1408; x_wconf 90' lang='lat' dir='ltr'>enim</span> <span class='ocrx_word' id='word_1_109' title='bbox 639 1358 762 1428; x_wconf 89' lang='lat' dir='ltr'>uterque</span> <span class='ocrx_word' id='word_1_110' title='bbox 783 1350 867 1410; x_wconf 88' lang='lat' dir='ltr'>alteri</span> <span class='ocrx_word' id='word_1_111' title='bbox 885 1349 1017 1408; x_wconf 87' lang='lat' dir='ltr'>obiiciat:</span> <span class='ocrx_word' id='word_1_112' title='bbox 1042 1349 1137 1427; x_wconf 90' lang='lat' dir='ltr'>palam</span> 
     </span>
     <span class='ocr_line' id='line_1_15' title="bbox 135 1430 1139 1511; baseline 0 -20"><span class='ocrx_word' id='word_1_113' title='bbox 135 1442 180 1492; x_wconf 88' lang='lat' dir='ltr'>est</span> <span class='ocrx_word' id='word_1_114' title='bbox 203 1442 353 1510; x_wconf 88' lang='lat' dir='ltr'>utrumque</span> <span class='ocrx_word' id='word_1_115' title='bbox 379 1431 499 1491; x_wconf 82' lang='lat' dir='ltr'>iecisse.</span> <span class='ocrx_word' id='word_1_116' title='bbox 533 1431 607 1492; x_wconf 89' lang='lat' dir='ltr'>Nam</span> <span class='ocrx_word' id='word_1_117' title='bbox 635 1451 731 1511; x_wconf 92' lang='lat' dir='ltr'>neque</span> <span class='ocrx_word' id='word_1_118' title='bbox 757 1433 808 1493; x_wconf 90' lang='lat' dir='ltr'>ille</span> <span class='ocrx_word' id='word_1_119' title='bbox 833 1451 887 1511; x_wconf 90' lang='lat' dir='ltr'>per</span> <span class='ocrx_word' id='word_1_120' title='bbox 911 1430 1087 1492; x_wconf 80' lang='lat' dir='ltr'>llaratlronis</span> <span class='ocrx_word' id='word_1_121' title='bbox 1109 1442 1139 1493; x_wconf 91' lang='lat' dir='ltr'>et</span> 
     </span>
     <span class='ocr_line' id='line_1_16' title="bbox 134 1515 1136 1593; baseline 0 -18"><span class='ocrx_word' id='word_1_122' title='bbox 134 1515 315 1575; x_wconf 76' lang='lat' dir='ltr'>Plataearum</span> <span class='ocrx_word' id='word_1_123' title='bbox 338 1524 368 1575; x_wconf 91' lang='lat' dir='ltr'>et</span> <span class='ocrx_word' id='word_1_124' title='bbox 393 1515 544 1575; x_wconf 87' lang='lat' dir='ltr'>Salaminis</span> <span class='ocrx_word' id='word_1_125' title='bbox 567 1525 802 1593; x_wconf 80' lang='lat' dir='ltr'>propugnatores</span> <span class='ocrx_word' id='word_1_126' title='bbox 824 1526 906 1576; x_wconf 89' lang='lat' dir='ltr'>recto</span> <span class='ocrx_word' id='word_1_127' title='bbox 930 1533 1003 1576; x_wconf 90' lang='lat' dir='ltr'>sono</span> <span class='ocrx_word' id='word_1_128' title='bbox 1022 1517 1136 1590; x_wconf 90' lang='lat' dir='ltr'>iuravit,</span> 
     </span>
     <span class='ocr_line' id='line_1_17' title="bbox 76 1597 1138 1660; baseline 0 -2"><span class='ocrx_word' id='word_1_129' title='bbox 76 1603 190 1658; x_wconf 71' lang='lat' dir='ltr'>liinec</span> <span class='ocrx_word' id='word_1_130' title='bbox 211 1598 262 1658; x_wconf 88' lang='lat' dir='ltr'>ille</span> <span class='ocrx_word' id='word_1_131' title='bbox 286 1597 402 1659; x_wconf 82' lang='lat' dir='ltr'>Thebas</span> <span class='ocrx_word' id='word_1_132' title='bbox 424 1617 559 1660; x_wconf 79' lang='lat' dir='ltr'>sermone</span> <span class='ocrx_word' id='word_1_133' title='bbox 584 1600 710 1659; x_wconf 86' lang='lat' dir='ltr'>deflevit.</span> <span class='ocrx_word' id='word_1_134' title='bbox 745 1599 799 1659; x_wconf 89' lang='lat' dir='ltr'>Est</span> <span class='ocrx_word' id='word_1_135' title='bbox 820 1600 864 1660; x_wconf 90' lang='lat' dir='ltr'>his</span> <span class='ocrx_word' id='word_1_136' title='bbox 886 1599 1002 1659; x_wconf 89' lang='lat' dir='ltr'>diversa</span> <span class='ocrx_word' id='word_1_137' title='bbox 1025 1616 1085 1659; x_wconf 87' lang='lat' dir='ltr'>vox</span> <span class='ocrx_word' id='word_1_138' title='bbox 1108 1609 1138 1658; x_wconf 91' lang='lat' dir='ltr'>et</span> 
     </span>
     <span class='ocr_line' id='line_1_18' title="bbox 134 1681 1135 1761; baseline 0.001 -19"><span class='ocrx_word' id='word_1_139' title='bbox 134 1700 229 1761; x_wconf 87' lang='lat' dir='ltr'>paena</span> <span class='ocrx_word' id='word_1_140' title='bbox 246 1691 329 1742; x_wconf 85' lang='lat' dir='ltr'>extra</span> <span class='ocrx_word' id='word_1_141' title='bbox 344 1699 499 1759; x_wconf 83' lang='lat' dir='ltr'>organum,</span> <span class='ocrx_word' id='word_1_142' title='bbox 523 1684 569 1744; x_wconf 90' lang='lat' dir='ltr'>eui</span> <span class='ocrx_word' id='word_1_143' title='bbox 587 1681 690 1744; x_wconf 86' lang='lat' dir='ltr'>Graeci</span> <span class='ocrx_word' id='word_1_144' title='bbox 710 1700 815 1743; x_wconf 88' lang='lat' dir='ltr'>nornen</span> <span class='ocrx_word' id='word_1_145' title='bbox 836 1684 1030 1745; x_wconf 86' lang='lat' dir='ltr'>amaritudinis</span> <span class='ocrx_word' id='word_1_146' title='bbox 1046 1683 1135 1743; x_wconf 86' lang='lat' dir='ltr'>dede·</span> 
     </span>
     <span class='ocr_line' id='line_1_19' title="bbox 133 1765 1134 1847; baseline 0.001 -23"><span class='ocrx_word' id='word_1_147' title='bbox 133 1775 209 1841; x_wconf 87' lang='lat' dir='ltr'>runt,</span> <span class='ocrx_word' id='word_1_148' title='bbox 227 1766 441 1844; x_wconf 90' lang='lat' dir='ltr'>supermodum</span> <span class='ocrx_word' id='word_1_149' title='bbox 456 1785 491 1833; x_wconf 88' lang='lat' dir='ltr'>ac</span> <span class='ocrx_word' id='word_1_150' title='bbox 503 1785 598 1847; x_wconf 88' lang='lat' dir='ltr'>paene</span> <span class='ocrx_word' id='word_1_151' title='bbox 612 1776 741 1829; x_wconf 89' lang='lat' dir='ltr'>naturam</span> <span class='ocrx_word' id='word_1_152' title='bbox 756 1768 839 1826; x_wconf 88' lang='lat' dir='ltr'>vocis</span> <span class='ocrx_word' id='word_1_153' title='bbox 856 1768 995 1827; x_wconf 89' lang='lat' dir='ltr'>humanae</span> <span class='ocrx_word' id='word_1_154' title='bbox 1012 1765 1134 1826; x_wconf 90' lang='lat' dir='ltr'>acerba:</span> 
     </span>
     <span class='ocr_line' id='line_1_20' title="bbox 136 1847 1136 1927; baseline 0 -17"><span class='ocrx_word' id='word_1_155' title='bbox 136 1847 216 1922; x_wconf 75' lang='lat' dir='ltr'>omn</span> <span class='ocrx_word' id='word_1_156' title='bbox 237 1852 428 1927; x_wconf 79' lang='lat' dir='ltr'>compescitis</span> <span class='ocrx_word' id='word_1_157' title='bbox 446 1870 549 1914; x_wconf 82' lang='lat' dir='ltr'>oocem</span> <span class='ocrx_word' id='word_1_158' title='bbox 569 1853 677 1927; x_wconf 85' lang='lat' dir='ltr'>istum,</span> <span class='ocrx_word' id='word_1_159' title='bbox 696 1853 830 1912; x_wconf 85' lang='lat' dir='ltr'>indicem</span> <span class='ocrx_word' id='word_1_160' title='bbox 846 1851 1006 1925; x_wconf 56' lang='lat' dir='ltr'>stultiam,</span> <span class='ocrx_word' id='word_1_161' title='bbox 1032 1859 1136 1911; x_wconf 88' lang='lat' dir='ltr'>testem</span> 
     </span>
     <span class='ocr_line' id='line_1_21' title="bbox 133 1933 1135 2012; baseline -0.002 -18"><span class='ocrx_word' id='word_1_162' title='bbox 133 1936 321 2011; x_wconf 77' lang='lat' dir='ltr'>paucitatis?</span> <span class='ocrx_word' id='word_1_163' title='bbox 346 1933 405 1994; x_wconf 90' lang='lat' dir='ltr'>Sed</span> <span class='ocrx_word' id='word_1_164' title='bbox 420 1935 460 2010; x_wconf 90' lang='lat' dir='ltr'>id,</span> <span class='ocrx_word' id='word_1_165' title='bbox 476 1935 554 2012; x_wconf 91' lang='lat' dir='ltr'>quod</span> <span class='ocrx_word' id='word_1_166' title='bbox 570 1935 718 1995; x_wconf 85' lang='lat' dir='ltr'>excedere</span> <span class='ocrx_word' id='word_1_167' title='bbox 733 1934 847 1994; x_wconf 88' lang='lat' dir='ltr'>modum</span> <span class='ocrx_word' id='word_1_168' title='bbox 864 1934 934 2010; x_wconf 84' lang='lat' dir='ltr'>dixi,</span> <span class='ocrx_word' id='word_1_169' title='bbox 950 1935 977 1992; x_wconf 93' lang='lat' dir='ltr'>in</span> <span class='ocrx_word' id='word_1_170' title='bbox 989 1933 1038 1993; x_wconf 92' lang='lat' dir='ltr'>illa</span> <span class='ocrx_word' id='word_1_171' title='bbox 1050 1942 1135 2011; x_wconf 86' lang='lat' dir='ltr'>parte</span> 
     </span>
     <span class='ocr_line' id='line_1_22' title="bbox 77 2016 1133 2098; baseline 0.005 -26"><span class='ocrx_word' id='word_1_172' title='bbox 77 2018 225 2095; x_wconf 82' lang='lat' dir='ltr'>lloprima</span> <span class='ocrx_word' id='word_1_173' title='bbox 248 2029 306 2078; x_wconf 89' lang='lat' dir='ltr'>est:</span> <span class='ocrx_word' id='word_1_174' title='bbox 334 2016 414 2091; x_wconf 84' lang='lat' dir='ltr'>Quin</span> <span class='ocrx_word' id='word_1_175' title='bbox 430 2020 629 2098; x_wconf 78' lang='lat' dir='ltr'>compescitis.</span> <span class='ocrx_word' id='word_1_176' title='bbox 658 2018 817 2096; x_wconf 82' lang='lat' dir='ltr'>Epilogus,</span> <span class='ocrx_word' id='word_1_177' title='bbox 841 2019 865 2077; x_wconf 90' lang='lat' dir='ltr'>si</span> <span class='ocrx_word' id='word_1_178' title='bbox 890 2019 1133 2077; x_wconf 87' lang='lat' dir='ltr'>enumerationem</span> 
     </span>
     <span class='ocr_line' id='line_1_23' title="bbox 132 2100 1132 2182; baseline 0.001 -23"><span class='ocrx_word' id='word_1_179' title='bbox 132 2119 229 2160; x_wconf 88' lang='lat' dir='ltr'>rerum</span> <span class='ocrx_word' id='word_1_180' title='bbox 243 2100 343 2177; x_wconf 86' lang='lat' dir='ltr'>habet,</span> <span class='ocrx_word' id='word_1_181' title='bbox 359 2101 507 2163; x_wconf 90' lang='lat' dir='ltr'>desiderat</span> <span class='ocrx_word' id='word_1_182' title='bbox 522 2103 663 2182; x_wconf 87' lang='lat' dir='ltr'>quandam</span> <span class='ocrx_word' id='word_1_183' title='bbox 679 2103 861 2161; x_wconf 70' lang='lat' dir='ltr'>cornuorum</span> <span class='ocrx_word' id='word_1_184' title='bbox 876 2102 1132 2167; x_wconf 66' lang='lat' dir='ltr'>continuationem</span> 
     </span>
     <span class='ocr_line' id='line_1_24' title="bbox 134 2184 1132 2264; baseline -0.001 -21"><span class='ocrx_word' id='word_1_185' title='bbox 134 2185 158 2243; x_wconf 87' lang='lat' dir='ltr'>si</span> <span class='ocrx_word' id='word_1_186' title='bbox 176 2184 212 2243; x_wconf 90' lang='lat' dir='ltr'>ad</span> <span class='ocrx_word' id='word_1_187' title='bbox 228 2185 416 2245; x_wconf 86' lang='lat' dir='ltr'>concitandos</span> <span class='ocrx_word' id='word_1_188' title='bbox 438 2187 549 2246; x_wconf 90' lang='lat' dir='ltr'>iudices</span> <span class='ocrx_word' id='word_1_189' title='bbox 573 2196 618 2245; x_wconf 87' lang='lat' dir='ltr'>est</span> <span class='ocrx_word' id='word_1_190' title='bbox 633 2186 883 2246; x_wconf 88' lang='lat' dir='ltr'>accommodatus:</span> <span class='ocrx_word' id='word_1_191' title='bbox 904 2185 1013 2264; x_wconf 91' lang='lat' dir='ltr'>aliquid</span> <span class='ocrx_word' id='word_1_192' title='bbox 1033 2203 1070 2245; x_wconf 85' lang='lat' dir='ltr'>ex</span> <span class='ocrx_word' id='word_1_193' title='bbox 1085 2186 1132 2260; x_wconf 88' lang='lat' dir='ltr'>iis,</span> 
     </span>
     <span class='ocr_line' id='line_1_25' title="bbox 133 2268 1132 2348; baseline 0 -22"><span class='ocrx_word' id='word_1_194' title='bbox 133 2285 209 2345; x_wconf 91' lang='lat' dir='ltr'>qnae</span> <span class='ocrx_word' id='word_1_195' title='bbox 230 2286 318 2345; x_wconf 87' lang='lat' dir='ltr'>supra</span> <span class='ocrx_word' id='word_1_196' title='bbox 338 2268 412 2336; x_wconf 87' lang='lat' dir='ltr'>dixi;</span> <span class='ocrx_word' id='word_1_197' title='bbox 442 2272 466 2328; x_wconf 91' lang='lat' dir='ltr'>si</span> <span class='ocrx_word' id='word_1_198' title='bbox 489 2269 665 2347; x_wconf 86' lang='lat' dir='ltr'>placandos:</span> <span class='ocrx_word' id='word_1_199' title='bbox 690 2269 853 2329; x_wconf 87' lang='lat' dir='ltr'>inclinatam</span> <span class='ocrx_word' id='word_1_200' title='bbox 875 2269 1015 2348; x_wconf 91' lang='lat' dir='ltr'>quandam</span> <span class='ocrx_word' id='word_1_201' title='bbox 1031 2268 1132 2327; x_wconf 91' lang='lat' dir='ltr'>lenita·</span> 
     </span>
     <span class='ocr_line' id='line_1_26' title="bbox 132 2351 1131 2418; baseline 0.003 -11"><span class='ocrx_word' id='word_1_202' title='bbox 132 2359 204 2418; x_wconf 89' lang='lat' dir='ltr'>tem;</span> <span class='ocrx_word' id='word_1_203' title='bbox 233 2351 257 2408; x_wconf 89' lang='lat' dir='ltr'>si</span> <span class='ocrx_word' id='word_1_204' title='bbox 273 2352 472 2412; x_wconf 88' lang='lat' dir='ltr'>misericordia</span> <span class='ocrx_word' id='word_1_205' title='bbox 495 2354 737 2413; x_wconf 85' lang='lat' dir='ltr'>commovendos:</span> <span class='ocrx_word' id='word_1_206' title='bbox 764 2353 871 2414; x_wconf 84' lang='lat' dir='ltr'>flexum</span> <span class='ocrx_word' id='word_1_207' title='bbox 891 2353 975 2412; x_wconf 89' lang='lat' dir='ltr'>vocis</span> <span class='ocrx_word' id='word_1_208' title='bbox 999 2361 1028 2412; x_wconf 89' lang='lat' dir='ltr'>et</span> <span class='ocrx_word' id='word_1_209' title='bbox 1048 2351 1131 2412; x_wconf 89' lang='lat' dir='ltr'>llebi·</span> 
     </span>
     <span class='ocr_line' id='line_1_27' title="bbox 132 2432 1132 2515; baseline 0.002 -22"><span class='ocrx_word' id='word_1_210' title='bbox 132 2432 190 2493; x_wconf 91' lang='lat' dir='ltr'>lem</span> <span class='ocrx_word' id='word_1_211' title='bbox 213 2435 398 2511; x_wconf 85' lang='lat' dir='ltr'>suavitatem,</span> <span class='ocrx_word' id='word_1_212' title='bbox 425 2453 481 2514; x_wconf 89' lang='lat' dir='ltr'>qua</span> <span class='ocrx_word' id='word_1_213' title='bbox 504 2437 662 2514; x_wconf 86' lang='lat' dir='ltr'>praecipue</span> <span class='ocrx_word' id='word_1_214' title='bbox 685 2437 852 2514; x_wconf 77' lang='lat' dir='ltr'>franguntur</span> <span class='ocrx_word' id='word_1_215' title='bbox 874 2437 974 2512; x_wconf 90' lang='lat' dir='ltr'>animi,</span> <span class='ocrx_word' id='word_1_216' title='bbox 997 2454 1132 2515; x_wconf 89' lang='lat' dir='ltr'>quaeque</span> 
     </span>
     <span class='ocr_line' id='line_1_28' title="bbox 133 2518 1131 2601; baseline 0.002 -26"><span class='ocrx_word' id='word_1_217' title='bbox 133 2525 178 2575; x_wconf 90' lang='lat' dir='ltr'>est</span> <span class='ocrx_word' id='word_1_218' title='bbox 195 2520 317 2578; x_wconf 83' lang='lat' dir='ltr'>maxime</span> <span class='ocrx_word' id='word_1_219' title='bbox 335 2519 482 2581; x_wconf 88' lang='lat' dir='ltr'>naturalis.</span> <span class='ocrx_word' id='word_1_220' title='bbox 513 2518 585 2579; x_wconf 89' lang='lat' dir='ltr'>Nam</span> <span class='ocrx_word' id='word_1_221' title='bbox 602 2522 686 2581; x_wconf 90' lang='lat' dir='ltr'>etiarn</span> <span class='ocrx_word' id='word_1_222' title='bbox 704 2521 794 2580; x_wconf 90' lang='lat' dir='ltr'>orbos</span> <span class='ocrx_word' id='word_1_223' title='bbox 809 2522 968 2601; x_wconf 85' lang='lat' dir='ltr'>viduasque</span> <span class='ocrx_word' id='word_1_224' title='bbox 983 2520 1086 2580; x_wconf 87' lang='lat' dir='ltr'>videas</span> <span class='ocrx_word' id='word_1_225' title='bbox 1102 2521 1131 2578; x_wconf 94' lang='lat' dir='ltr'>in</span> 
     </span>
     <span class='ocr_line' id='line_1_29' title="bbox 75 2601 1132 2683; baseline 0.001 -22"><span class='ocrx_word' id='word_1_226' title='bbox 75 2601 202 2678; x_wconf 78' lang='lat' dir='ltr'>lilipsis</span> <span class='ocrx_word' id='word_1_227' title='bbox 230 2602 380 2663; x_wconf 82' lang='lat' dir='ltr'>funeribus</span> <span class='ocrx_word' id='word_1_228' title='bbox 410 2620 517 2664; x_wconf 91' lang='lat' dir='ltr'>canoro</span> <span class='ocrx_word' id='word_1_229' title='bbox 547 2604 670 2682; x_wconf 88' lang='lat' dir='ltr'>quodam</span> <span class='ocrx_word' id='word_1_230' title='bbox 697 2605 784 2666; x_wconf 89' lang='lat' dir='ltr'>modo</span> <span class='ocrx_word' id='word_1_231' title='bbox 812 2604 1037 2683; x_wconf 84' lang='lat' dir='ltr'>proclamantes.</span> <span class='ocrx_word' id='word_1_232' title='bbox 1076 2602 1132 2663; x_wconf 88' lang='lat' dir='ltr'>llic</span> 
     </span>
     <span class='ocr_line' id='line_1_30' title="bbox 132 2686 1130 2766; baseline 0.003 -23"><span class='ocrx_word' id='word_1_233' title='bbox 132 2687 219 2746; x_wconf 89' lang='lat' dir='ltr'>etiam</span> <span class='ocrx_word' id='word_1_234' title='bbox 233 2688 315 2747; x_wconf 89' lang='lat' dir='ltr'>lusca</span> <span class='ocrx_word' id='word_1_235' title='bbox 331 2688 380 2749; x_wconf 90' lang='lat' dir='ltr'>illa</span> <span class='ocrx_word' id='word_1_236' title='bbox 394 2705 470 2764; x_wconf 81' lang='lat' dir='ltr'>vox,</span> <span class='ocrx_word' id='word_1_237' title='bbox 494 2688 609 2766; x_wconf 90' lang='lat' dir='ltr'>qualem</span> <span class='ocrx_word' id='word_1_238' title='bbox 624 2686 731 2755; x_wconf 79' lang='lat' dir='ltr'>Cicero</span> <span class='ocrx_word' id='word_1_239' title='bbox 751 2689 842 2748; x_wconf 90' lang='lat' dir='ltr'>luisse</span> <span class='ocrx_word' id='word_1_240' title='bbox 863 2690 892 2748; x_wconf 93' lang='lat' dir='ltr'>in</span> <span class='ocrx_word' id='word_1_241' title='bbox 907 2688 1032 2746; x_wconf 82' lang='lat' dir='ltr'>Antonio</span> <span class='ocrx_word' id='word_1_242' title='bbox 1050 2687 1130 2762; x_wconf 87' lang='lat' dir='ltr'>dicit,</span> 
     </span>
     <span class='ocr_line' id='line_1_31' title="bbox 130 2770 1131 2851; baseline 0.003 -24"><span class='ocrx_word' id='word_1_243' title='bbox 130 2770 202 2828; x_wconf 91' lang='lat' dir='ltr'>mire</span> <span class='ocrx_word' id='word_1_244' title='bbox 223 2770 327 2840; x_wconf 65' lang='lat' dir='ltr'>lactea</span> <span class='ocrx_word' id='word_1_245' title='bbox 352 2771 441 2831; x_wconf 88' lang='lat' dir='ltr'>habet</span> <span class='ocrx_word' id='word_1_246' title='bbox 461 2773 535 2831; x_wconf 89' lang='lat' dir='ltr'>eninr</span> <span class='ocrx_word' id='word_1_247' title='bbox 558 2773 586 2831; x_wconf 93' lang='lat' dir='ltr'>in</span> <span class='ocrx_word' id='word_1_248' title='bbox 602 2771 650 2848; x_wconf 80' lang='lat' dir='ltr'>se,</span> <span class='ocrx_word' id='word_1_249' title='bbox 676 2772 755 2851; x_wconf 92' lang='lat' dir='ltr'>quod</span> <span class='ocrx_word' id='word_1_250' title='bbox 768 2773 917 2849; x_wconf 80' lang='lat' dir='ltr'>imitamur.</span> <span class='ocrx_word' id='word_1_251' title='bbox 949 2770 1067 2848; x_wconf 82' lang='lat' dir='ltr'>Duplex</span> <span class='ocrx_word' id='word_1_252' title='bbox 1085 2779 1131 2830; x_wconf 89' lang='lat' dir='ltr'>est</span> 
     </span>
     <span class='ocr_line' id='line_1_32' title="bbox 130 2854 1129 2935; baseline 0.004 -26"><span class='ocrx_word' id='word_1_253' title='bbox 130 2859 226 2911; x_wconf 87' lang='lat' dir='ltr'>tamen</span> <span class='ocrx_word' id='word_1_254' title='bbox 245 2855 410 2930; x_wconf 87' lang='lat' dir='ltr'>miseratio,</span> <span class='ocrx_word' id='word_1_255' title='bbox 432 2855 524 2915; x_wconf 89' lang='lat' dir='ltr'>altera</span> <span class='ocrx_word' id='word_1_256' title='bbox 545 2875 608 2916; x_wconf 86' lang='lat' dir='ltr'>cunr</span> <span class='ocrx_word' id='word_1_257' title='bbox 628 2856 748 2931; x_wconf 86' lang='lat' dir='ltr'>invidia,</span> <span class='ocrx_word' id='word_1_258' title='bbox 772 2855 865 2935; x_wconf 90' lang='lat' dir='ltr'>qualis</span> <span class='ocrx_word' id='word_1_259' title='bbox 885 2855 972 2916; x_wconf 89' lang='lat' dir='ltr'>modo</span> <span class='ocrx_word' id='word_1_260' title='bbox 993 2854 1071 2914; x_wconf 89' lang='lat' dir='ltr'>diota</span> <span class='ocrx_word' id='word_1_261' title='bbox 1092 2854 1129 2913; x_wconf 91' lang='lat' dir='ltr'>de</span> 
     </span>
     <span class='ocr_line' id='line_1_33' title="bbox 131 2932 1127 3017; baseline 0.003 -24"><span class='ocrx_word' id='word_1_262' title='bbox 131 2932 311 2997; x_wconf 84' lang='lat' dir='ltr'>damnatione</span> <span class='ocrx_word' id='word_1_263' title='bbox 326 2937 500 3014; x_wconf 85' lang='lat' dir='ltr'>Philodami,</span> <span class='ocrx_word' id='word_1_264' title='bbox 527 2940 619 3000; x_wconf 88' lang='lat' dir='ltr'>altera</span> <span class='ocrx_word' id='word_1_265' title='bbox 644 2958 708 3000; x_wconf 92' lang='lat' dir='ltr'>cum</span> <span class='ocrx_word' id='word_1_266' title='bbox 729 2940 938 3017; x_wconf 87' lang='lat' dir='ltr'>deprecatione</span> <span class='ocrx_word' id='word_1_267' title='bbox 964 2938 1127 2998; x_wconf 89' lang='lat' dir='ltr'>demissior.</span> 
     </span>
     <span class='ocr_line' id='line_1_34' title="bbox 72 3016 1129 3103; baseline 0.007 -28"><span class='ocrx_word' id='word_1_268' title='bbox 72 3019 124 3076; x_wconf 78' lang='lat'>172</span> <span class='ocrx_word' id='word_1_269' title='bbox 134 3016 242 3094; x_wconf 81' lang='lat' dir='ltr'>Quare,</span> <span class='ocrx_word' id='word_1_270' title='bbox 262 3020 373 3080; x_wconf 87' lang='lat' dir='ltr'>etiamsi</span> <span class='ocrx_word' id='word_1_271' title='bbox 389 3023 476 3082; x_wconf 90' lang='lat' dir='ltr'>estin</span> <span class='ocrx_word' id='word_1_272' title='bbox 493 3023 552 3084; x_wconf 91' lang='lat' dir='ltr'>illis</span> <span class='ocrx_word' id='word_1_273' title='bbox 567 3039 683 3103; x_wconf 88' lang='lat' dir='ltr'>quoqne</span> <span class='ocrx_word' id='word_1_274' title='bbox 697 3032 797 3083; x_wconf 90' lang='lat' dir='ltr'>cantus</span> <span class='ocrx_word' id='word_1_275' title='bbox 807 3022 975 3084; x_wconf 88' lang='lat' dir='ltr'>obscurior:</span> <span class='ocrx_word' id='word_1_276' title='bbox 991 3019 1029 3082; x_wconf 85' lang='lat' dir='ltr'>Ia</span> <span class='ocrx_word' id='word_1_277' title='bbox 1041 3029 1129 3084; x_wconf 83' lang='lat' dir='ltr'>coetu</span> 
     </span>
     <span class='ocr_line' id='line_1_35' title="bbox 132 3104 1130 3182; baseline 0.002 -20"><span class='ocrx_word' id='word_1_278' title='bbox 132 3119 206 3163; x_wconf 84' lang='lat' dir='ltr'>acro</span> <span class='ocrx_word' id='word_1_279' title='bbox 217 3105 326 3182; x_wconf 82' lang='lat' dir='ltr'>populi</span> <span class='ocrx_word' id='word_1_280' title='bbox 339 3104 489 3175; x_wconf 82' lang='lat' dir='ltr'>limnooi;</span> <span class='ocrx_word' id='word_1_281' title='bbox 503 3124 560 3167; x_wconf 91' lang='lat' dir='ltr'>non</span> <span class='ocrx_word' id='word_1_282' title='bbox 576 3108 651 3166; x_wconf 88' lang='lat' dir='ltr'>enim</span> <span class='ocrx_word' id='word_1_283' title='bbox 664 3105 740 3166; x_wconf 86' lang='lat' dir='ltr'>haec</span> <span class='ocrx_word' id='word_1_284' title='bbox 754 3108 874 3166; x_wconf 82' lang='lat' dir='ltr'>rixantis</span> <span class='ocrx_word' id='word_1_285' title='bbox 891 3106 977 3167; x_wconf 90' lang='lat' dir='ltr'>modo</span> <span class='ocrx_word' id='word_1_286' title='bbox 996 3105 1080 3172; x_wconf 79' lang='lat' dir='ltr'>dixit:</span> <span class='ocrx_word' id='word_1_287' title='bbox 1098 3114 1130 3164; x_wconf 88' lang='lat' dir='ltr'>et</span> 
     </span>
     <span class='ocr_line' id='line_1_36' title="bbox 135 3184 1127 3268; baseline 0.002 -22"><span class='ocrx_word' id='word_1_288' title='bbox 135 3184 341 3261; x_wconf 77' lang='lat' dir='ltr'>Vos,.Aidoni</span> <span class='ocrx_word' id='word_1_289' title='bbox 355 3191 480 3258; x_wconf 58' lang='lat' dir='ltr'>tummim</span> <span class='ocrx_word' id='word_1_290' title='bbox 502 3191 666 3264; x_wconf 89' lang='lat' dir='ltr'>nonenim,</span> <span class='ocrx_word' id='word_1_291' title='bbox 684 3192 766 3268; x_wconf 90' lang='lat' dir='ltr'>quasi</span> <span class='ocrx_word' id='word_1_292' title='bbox 786 3190 956 3250; x_wconf 87' lang='lat' dir='ltr'>inclamaret</span> <span class='ocrx_word' id='word_1_293' title='bbox 974 3198 1022 3249; x_wconf 89' lang='lat' dir='ltr'>aut</span> <span class='ocrx_word' id='word_1_294' title='bbox 1037 3198 1127 3249; x_wconf 87' lang='lat' dir='ltr'>testa·</span> 
     </span>
     <span class='ocr_line' id='line_1_37' title="bbox 129 3270 1143 3350; baseline 0.005 -22"><span class='ocrx_word' id='word_1_295' title='bbox 129 3279 227 3347; x_wconf 87' lang='lat' dir='ltr'>retur,</span> <span class='ocrx_word' id='word_1_296' title='bbox 245 3270 358 3331; x_wconf 84' lang='lat' dir='ltr'>locutus</span> <span class='ocrx_word' id='word_1_297' title='bbox 377 3282 436 3332; x_wconf 90' lang='lat' dir='ltr'>est:</span> <span class='ocrx_word' id='word_1_298' title='bbox 457 3282 552 3333; x_wconf 89' lang='lat' dir='ltr'>tamen</span> <span class='ocrx_word' id='word_1_299' title='bbox 567 3271 675 3332; x_wconf 85' lang='lat' dir='ltr'>infinito</span> <span class='ocrx_word' id='word_1_300' title='bbox 691 3273 783 3350; x_wconf 78' lang='lat' dir='ltr'>magis</span> <span class='ocrx_word' id='word_1_301' title='bbox 798 3272 849 3333; x_wconf 91' lang='lat' dir='ltr'>illa</span> <span class='ocrx_word' id='word_1_302' title='bbox 869 3271 946 3332; x_wconf 83' lang='lat' dir='ltr'>flexa</span> <span class='ocrx_word' id='word_1_303' title='bbox 962 3281 992 3332; x_wconf 91' lang='lat' dir='ltr'>et</span> <span class='ocrx_word' id='word_1_304' title='bbox 1005 3273 1143 3333; x_wconf 78' lang='lat' dir='ltr'>circum.</span> 
     </span>
     <span class='ocr_line' id='line_1_38' title="bbox 128 3352 1126 3434; baseline 0.005 -22"><span class='ocrx_word' id='word_1_305' title='bbox 128 3352 214 3413; x_wconf 90' lang='lat' dir='ltr'>ducta</span> <span class='ocrx_word' id='word_1_306' title='bbox 229 3363 309 3414; x_wconf 88' lang='lat' dir='ltr'>sunt:</span> <span class='ocrx_word' id='word_1_307' title='bbox 325 3353 376 3417; x_wconf 83' lang='lat' dir='ltr'>Mc</span> <span class='ocrx_word' id='word_1_308' title='bbox 388 3357 542 3428; x_wconf 77' lang='lat' dir='ltr'>miseram,</span> <span class='ocrx_word' id='word_1_309' title='bbox 559 3374 606 3416; x_wconf 86' lang='lat' dir='ltr'>me</span> <span class='ocrx_word' id='word_1_310' title='bbox 619 3355 780 3434; x_wconf 77' lang='lat' dir='ltr'>infelicem,</span> <span class='ocrx_word' id='word_1_311' title='bbox 797 3365 826 3415; x_wconf 88' lang='lat' dir='ltr'>ct</span> <span class='ocrx_word' id='word_1_312' title='bbox 842 3354 924 3429; x_wconf 79' lang='lat' dir='ltr'>omo</span> <span class='ocrx_word' id='word_1_313' title='bbox 935 3355 1126 3434; x_wconf 79' lang='lat' dir='ltr'>respondedo</span> 
     </span>
     <span class='ocr_line' id='line_1_39' title="bbox 128 3436 1124 3518; baseline 0.004 -22"><span class='ocrx_word' id='word_1_314' title='bbox 128 3436 234 3498; x_wconf 84' lang='lat' dir='ltr'>liberis</span> <span class='ocrx_word' id='word_1_315' title='bbox 250 3441 348 3500; x_wconf 77' lang='lat' dir='ltr'>meis?</span> <span class='ocrx_word' id='word_1_316' title='bbox 365 3447 395 3497; x_wconf 87' lang='lat' dir='ltr'>et</span> <span class='ocrx_word' id='word_1_317' title='bbox 412 3437 570 3500; x_wconf 76' lang='lat' dir='ltr'>lisoocorc</span> <span class='ocrx_word' id='word_1_318' title='bbox 584 3445 618 3500; x_wconf 86' lang='lat' dir='ltr'>tu</span> <span class='ocrx_word' id='word_1_319' title='bbox 632 3458 680 3502; x_wconf 86' lang='lat' dir='ltr'>mc</span> <span class='ocrx_word' id='word_1_320' title='bbox 692 3442 726 3501; x_wconf 86' lang='lat' dir='ltr'>im</span> <span class='ocrx_word' id='word_1_321' title='bbox 739 3441 876 3518; x_wconf 83' lang='lat' dir='ltr'>petriam</span> <span class='ocrx_word' id='word_1_322' title='bbox 888 3441 1024 3518; x_wconf 80' lang='lat' dir='ltr'>potuisti,</span> <span class='ocrx_word' id='word_1_323' title='bbox 1041 3436 1124 3515; x_wconf 76' lang='lat' dir='ltr'>atto,</span> 
     </span>
    </p>
   </div>
   <div class='ocr_carea' id='block_1_3' title="bbox 192 3556 373 3632">
    <p class='ocr_par' dir='ltr' id='par_1_3' title="bbox 192 3556 373 3632">
     <span class='ocr_line' id='line_1_40' title="bbox 192 3556 373 3632; baseline -0.011 1"><span class='ocrx_word' id='word_1_324' title='bbox 192 3556 373 3632; x_wconf 59' lang='lat' dir='ltr'>A</span> 
     </span>
    </p>
   </div>
   <div class='ocr_carea' id='block_1_4' title="bbox 0 0 1208 3854">
    <p class='ocr_par' dir='ltr' id='par_1_4' title="bbox 0 0 1208 3854">
     <span class='ocr_line' id='line_1_41' title="bbox 0 0 1208 3854; baseline 0 6"><span class='ocrx_word' id='word_1_325' title='bbox 0 0 1208 3854; x_wconf 95' lang='lat' dir='ltr'> </span> 
     </span>
    </p>
   </div>
  </div>
 </body>
</html>
