2408 3854
125 208 163 266 14
191 226 204 257 ι
437 219 474 266 ιι.
486 216 565 264 nnn.
579 217 800 276 curunrnrnnr

82 383 113 437 16
122 375 265 434 convertit
279 374 355 434 bunc
371 372 510 433 ordinem.
541 371 688 431 Defensor
703 379 797 431 autem
815 389 931 450 semper
944 373 1023 450 prius
1039 390 1128 450 nega·

121 459 163 517 bit
185 476 253 518 esse
276 458 402 532 iactum,
428 457 512 535 quia,
536 456 560 514 si
583 457 611 514 in
628 454 683 514 hae
698 464 781 534 parte
796 457 917 532 vicerit,
939 455 1053 534 reliqua
1072 474 1129 515 non

121 560 247 602 necesse
257 540 346 601 habet
362 541 477 606 dicere;
492 540 571 599 vieto
584 547 735 618 superest,
749 547 779 598 ut
795 540 868 598 tueri
884 557 918 598 se
932 541 1036 618 possit.
1064 539 1129 600 Illic

123 643 257 705 quoque,
278 624 327 684 ubi
352 623 389 683 de
409 624 488 683 iacto
504 632 611 683 tantum
629 624 829 682 controversia
845 631 907 698 est,
926 623 1044 701 quodsi
1061 641 1129 702 pro·

121 709 220 785 betur,
248 725 306 768 non
329 708 423 786 possit
445 707 483 767 de
505 715 626 767 auctore
646 705 786 781 dubitari,
809 706 941 766 similiter
960 717 1129 783 argumenta

121 803 151 853 et
168 811 205 851 ex
220 809 348 892 persona
366 801 396 851 et
412 808 497 851 exre
514 790 670 866 ducuntur,
686 790 741 850 sed
756 791 784 848 in
795 808 879 850 unam
895 790 964 849 iacti
980 790 1128 869 ipuaestio·

80 884 110 939 lt
119 895 201 952 nem,
215 877 291 936 sicut
302 878 329 935 in
341 875 613 935 iliacontroversia:
629 873 780 973 (utendum
793 883 837 934 est
847 874 922 933 enim
936 873 1019 933 ethis
1031 892 1128 934 exem·

119 961 193 1040 plis,
217 977 292 1039 quae
307 968 373 1019 suut
391 957 569 1019 discentibus
584 959 676 1061 magis
693 957 859 1037 familiaria)
877 956 1049 1019 Abdicatus
1064 977 1127 1020 me-

120 1046 245 1106 dicinae
263 1045 388 1105 studuit.
429 1040 505 1103 Cum
518 1051 610 1121 puter
630 1034 697 1104 esico
718 1050 912 1122 acprotcrct,
934 1042 1127 1121 desperanti·

119 1129 177 1190 bus
192 1127 233 1189 de
253 1147 288 1189 eo
307 1128 418 1189 cetaria
432 1127 576 1203 medicis,
599 1126 772 1201 adbibitus,
792 1134 974 1187 sanaturum
989 1145 1023 1187 sc
1038 1127 1128 1202 dicit,

120 1215 148 1273 si
161 1213 190 1272 ἐι
199 1213 353 1290 potionem
367 1230 389 1273 α
403 1230 437 1274 se
453 1212 558 1272 dutum
574 1209 706 1272 bibisset.
742 1207 855 1289 Pater,
869 1217 1020 1288 acceptae
1031 1213 1128 1288 potio·

119 1299 167 1358 uis
194 1303 284 1375 epotc
304 1302 413 1373 purte,
435 1296 533 1370 dicit,
548 1312 696 1354 amenum
710 1294 770 1355 sibi
785 1293 910 1367 dutum
929 1293 1028 1371 fitius,
1046 1295 1130 1373 quod

120 1381 269 1458 reliquum
281 1387 367 1456 erut,
380 1378 537 1452 cultuum,
552 1386 644 1456 puter·
655 1379 796 1454 decessit,
811 1378 863 1440 tue
872 1377 1041 1455 permotati
1055 1397 1128 1440 retu

79 1468 174 1524 litent.
199 1461 397 1538 Manifestum,
414 1463 478 1540 quis
493 1462 643 1540 potionem
658 1461 786 1538 dederit,
804 1479 880 1541 quac
898 1463 922 1521 si
936 1463 1040 1521 veneni
1059 1463 1127 1522 fuit:

121 1547 200 1607 uuila
224 1547 357 1625 quaestio
383 1545 419 1605 de
445 1555 578 1612 auctore:
604 1554 715 1621 tamen,
741 1562 776 1607 an
798 1563 941 1606 venenum
960 1545 1066 1622 inerit,
1092 1563 1130 1605 ex

121 1631 298 1709 argumentis
315 1647 332 1691 a
346 1647 473 1709 persona
488 1629 581 1689 ductis
598 1629 763 1708 colligetur.
792 1631 935 1708 Superest
950 1631 1084 1705 tertium,
1101 1631 1129 1688 iu

121 1731 179 1793 quo
196 1715 303 1774 factum
320 1731 388 1774 esse
401 1722 515 1773 constat
530 1712 652 1791 aliquid;
672 1732 687 1772 a
704 1730 761 1791 quo
777 1715 815 1773 sit
829 1714 952 1789 iactum,
969 1714 1126 1791 quaeritur.

122 1796 210 1858 Gaius
227 1799 270 1856 rei
293 1816 503 1876 supervacuum
525 1806 571 1857 est
587 1814 699 1875 ponere
717 1797 899 1877 exemplum,
922 1815 985 1857 cum
1005 1797 1128 1875 plurima

57 1883 59 1887 ’
120 1883 177 1942 sint
194 1882 357 1942 huiusmodi
374 1882 495 1958 iudicia,
510 1890 542 1940 ut
558 1881 702 1941 bominem
719 1883 848 1942 occisum
864 1899 931 1941 esse
946 1881 1128 1941 manifestum

120 1967 157 2025 sit
179 1966 229 2026 vei
251 1966 437 2043 sacrilegium
459 1967 658 2042 commissum,
679 1968 703 2024 is
728 1974 838 2042 autem,
863 1967 911 2043 qui
933 1967 1063 2043 arguitur
1086 1965 1126 2025 ie·

120 2052 198 2109 cisse
206 2060 330 2126 ,neget

205 2132 250 2191 Ex
275 2132 332 2192 hoc
356 2135 483 2193 nascitur
505 2123 700 2215 durcuuruyop
702 2134 742 2193 iu.
786 2131 893 2210 Utique
921 2134 995 2192 enim
1021 2132 1128 2192 iactum

81 2222 188 2277 lbesse
206 2217 359 2311 convenit,
383 2157 841 2296 quodduomvicemoobiiciunt.
883 2215 990 2295 Inque
1012 2216 1127 2295 quidem

118 2316 230 2377 genere
243 2306 395 2359 causarum
411 2300 546 2360 admonet
558 2297 679 2376 Celsus,
699 2300 762 2360 tieri
778 2299 849 2360 idm
865 2299 930 2359 ioro
946 2317 1003 2359 non
1019 2316 1125 2378 posse;

119 2382 198 2461 quod
212 2383 355 2443 neminem
371 2385 507 2483 ignorare
522 2381 654 2442 arbitror.
693 2384 739 2444 De
757 2401 814 2443 uno
836 2401 888 2443 reo
910 2383 1061 2443 consilium
1078 2400 1127 2443 eo-

109 2469 196 2544 gitur
217 2467 319 2542 etiam,
345 2477 374 2527 et
395 2468 485 2546 siqui
507 2476 589 2542 sunt,
612 2469 660 2546 qui
682 2469 805 2529 invicem
827 2476 983 2543 accusent,
1005 2467 1127 2531 alterum

76 2550 252 2616 aoiudtcium
268 2551 402 2629 perferre
417 2569 541 2611 necesse
564 2560 617 2610 est.
654 2551 854 2630 Apollodorus
871 2568 987 2630 quoque
1006 2545 1127 2611 ἀντικα-

117 2634 257 2715 τηγορίαν
272 2635 343 2695 duas
360 2653 428 2695 esse
442 2637 667 2696 controversias
674 2636 759 2712 dixit,
777 2645 807 2695 et
824 2645 889 2695 sunt
904 2652 1007 2695 revera
1023 2652 1127 2694 secun-

118 2719 183 2777 dum
200 2718 374 2779 forensecus
387 2718 461 2780 duae
472 2719 549 2779 lites.
587 2718 795 2780 Potesttamen
810 2721 867 2780 hoo
879 2737 972 2796 genus
984 2720 1013 2777 in
1027 2719 1126 2795 ecgui-

118 2803 225 2862 tionem
246 2804 347 2863 venire
372 2812 488 2863 senatus
511 2813 559 2863 aut
581 2805 729 2882 principis.
769 2803 828 2863 Sed
846 2804 873 2862 in
889 2802 994 2863 iudicio
1009 2819 1128 2880 quoquc

119 2885 189 2946 nihil
208 2887 330 2946 interest
351 2888 511 2963 actionum,
534 2896 627 2946 utrum
648 2888 731 2949 simui
754 2887 791 2947 de
813 2896 937 2987 utroque
960 2888 1127 2964 pronuntie-

76 2976 107 3028 21
119 2979 182 3045 tur
211 2987 247 3030 an
268 2972 412 3030 sententia
434 2970 470 3030 de
491 2987 548 3029 uno
571 2971 688 3031 feratur.
736 2971 834 3044 Quo
826 2990 854 3030 m
877 2989 988 3048 genere
1007 2987 1128 3054 semper

118 3055 199 3131 prior
219 3053 338 3114 debebit
363 3071 429 3114 esse
452 3053 602 3123 defensi03
625 3056 746 3135 primum
761 3056 827 3134 quia
848 3064 948 3116 natura
969 3056 1066 3132 potior
1082 3063 1128 3113 est

118 3136 196 3196 salus
219 3147 319 3197 nostra
348 3155 433 3216 quam
459 3138 618 3198 adversarii
642 3140 803 3217 pernicies,
829 3139 934 3199 deiude
958 3137 1035 3215 quod
1059 3137 1127 3216 plus

118 3219 318 3280 habebimus
309 3240 337 3281 m
353 3223 539 3282 accusatione
560 3225 756 3299 auctoritatis,
776 3225 800 3282 si
817 3224 896 3301 prius
911 3222 947 3283 de
963 3223 1128 3281 innocentia

118 3314 217 3364 nostra
236 3306 415 3382 constiterit,
430 3315 624 3384 postremum,
640 3308 718 3385 quod
733 3309 771 3367 ita
786 3307 899 3367 demum
916 3305 1024 3384 duplex
1039 3321 1128 3366 eausa

118 3388 182 3447 erit.
218 3387 291 3447 Nam
314 3391 362 3467 qui
384 3389 469 3466 dicit,
492 3387 558 3469 Epo
579 3409 640 3452 uon
656 3392 776 3467 cnudi,
800 3389 887 3450 habet
902 3389 1042 3467 reliquam
1062 3405 1127 3467 par·
