2408 3854
346 197 435 247 msa.
452 198 602 249 annuos.
618 199 689 248 ura.
701 199 767 266 vu,
782 196 808 250 9.
1038 189 1079 252 ιι

74 355 203 437 puidam
212 355 303 417 iussit
311 356 387 434 poni
395 360 529 416 statuum
539 371 670 418 auream
681 353 801 416 bustam
812 361 970 418 teuerstatt.
986 355 1081 430 Quae·

75 442 161 515 ritur,
183 447 277 500 statua
292 437 403 500 hastam
418 446 520 498 teneus
537 455 624 498 aurea
643 455 710 497 esse
726 435 847 514 debeat,
867 455 903 498 an
916 438 998 500 hasta
1013 459 1082 503 esse

74 540 163 585 aurea
177 524 207 583 in
219 531 312 585 statua
328 522 447 584 alterius
463 519 624 581 materias?
640 520 686 582 Fit
701 538 755 599 per
766 521 873 581 ilerum
884 522 961 583 idem
972 527 1080 603 magis:

120 605 351 686 Quiupunpiuta
365 608 419 668 ubi
437 614 528 666 eraut
544 615 664 667 neutum
678 607 751 666 iude
766 607 881 668 oceidit
894 604 1038 671 Achilles.

76 694 190 769 Saepe,
214 692 269 751 utri
288 689 410 751 duorum
430 689 663 750 antecedentium
679 705 776 749 sermo
792 688 960 752 subiunctus
977 694 1029 770 sit,
1055 695 1110 758 iu9

64 774 163 864 ¹dubio
185 783 245 834 est:
275 774 399 835 undeet
425 774 641 850 controversia,
666 771 765 834 lieres
781 793 867 835 meus
885 779 978 837 umori
997 797 1084 840 meae

77 860 158 923 dare
173 860 307 920 damnas
321 867 385 920 esto
405 859 542 938 arpenti,
564 859 647 936 quod
667 858 807 936 eleperit,
828 861 932 937 ponda
954 871 1081 925 centum.

75 941 148 1004 Uter
163 941 269 1020 eligat,
286 944 443 1021 quaeritur.

160 1025 270 1086 Verum
283 1027 328 1103 id,
345 1026 424 1106 quod
439 1044 477 1101 ex
493 1024 538 1085 his
553 1026 674 1104 primum
693 1033 754 1100 est,
775 1026 932 1087 mutatione
953 1045 1081 1105 casuum,

74 1128 204 1191 mouens
226 1109 367 1171 divisione
383 1109 539 1171 verborum
559 1119 606 1171 aut
619 1108 807 1170 translatione
823 1111 1006 1187 emendatur,
1025 1120 1083 1172 ter·

73 1196 146 1257 tium
159 1193 342 1255 adiectione.
394 1194 562 1255 Aaousativi
588 1195 782 1271 geminatione
808 1194 886 1254 lanta
909 1194 1127 1273 amphiboliam

74 1279 201 1340 solvitur
212 1276 357 1354 ablativo,
374 1289 405 1339 ut
419 1277 505 1353 illud,
518 1275 683 1341 Lachetem
692 1279 802 1340 audiui
813 1280 1006 1357 percussisse
1019 1279 1083 1341 De-

74 1382 183 1439 meam,
207 1363 271 1438 liat,
305 1383 326 1426 a
340 1360 474 1425 haehae
490 1366 675 1442 pereussum
687 1360 836 1425 llemean.
875 1362 935 1423 Sed
957 1361 1083 1424 ablativo

74 1447 150 1526 ipsi,
172 1447 247 1506 utin
261 1447 353 1525 primo
368 1447 506 1524 diximus,
526 1448 600 1506 inest
615 1446 752 1508 naturalis
767 1445 953 1526 amphibolia.
994 1445 1083 1511 Coelo

75 1532 218 1595 deourrit
236 1540 361 1610 aperto:
382 1540 475 1592 utrum
490 1549 545 1610 per
565 1539 695 1609 apertum
712 1531 843 1608 eoelum,
862 1549 898 1592 an
914 1549 978 1591 oum
1000 1549 1083 1612 aper·

76 1624 137 1676 tum
159 1623 248 1675 esset.
288 1614 401 1677 Divisio
417 1617 611 1694 respiratione
629 1622 658 1675 et
679 1631 760 1678 mora
779 1623 909 1676 constat:
938 1624 1083 1694 statuam,
1093 1630 1126 1683 11

73 1697 183 1764 ternae
204 1718 334 1762 auream
354 1700 493 1771 bartam·
517 1699 568 1760 rel
587 1708 721 1762 moutam
738 1718 884 1776 auream,
907 1699 1011 1760 deinde
1028 1701 1085 1762 ba-

75 1792 168 1846 stom.
217 1782 353 1845 Adiectio
368 1782 434 1844 talis
450 1793 511 1859 est,
528 1791 706 1862 arpentum,
722 1787 805 1862 quod
819 1786 945 1863 deperit
957 1787 1039 1863 ipse,
1054 1793 1085 1845 ut

75 1864 166 1929 heres
184 1867 376 1945 intelligatur;
397 1867 447 1928 vel
460 1869 546 1948 ipsa,
564 1876 595 1927 ut
610 1884 694 1927 uxor.
739 1867 912 1928 Adiectione
933 1868 1010 1929 iacta
1025 1884 1082 1928 am·

77 1950 224 2031 phiholia‚
245 1951 339 2031 qualis
361 1954 414 2027 sit,
436 1950 501 2014 Nos
516 1947 623 2029 {lentes
640 1953 709 2034 illos
731 1951 1006 2032 deprehendimus,
1032 1951 1082 2011 ‹le-

74 2036 221 2096 traotione
248 2036 389 2097 solvetur.
435 2035 568 2097 Pluribus
595 2034 693 2096 verbis
719 2035 941 2110 emendandum,
969 2033 1018 2095 ubi
1043 2035 1126 2111 id,lt

77 2119 177 2199 quod,
195 2137 253 2199 quo
273 2121 433 2195 referatur,
456 2119 572 2181 dubium
591 2128 652 2196 est,
680 2128 710 2180 ot
729 2123 824 2200 ipsum
843 2128 889 2180 est
909 2118 1083 2196 ambiguum.

68 2201 179 2267 'Heres
200 2223 286 2266 meus
312 2208 391 2266 dare
411 2205 457 2267 illi
479 2207 612 2266 damnas
635 2213 698 2268 esto
720 2207 823 2267 amaia
843 2202 921 2266 suas
953 2203 986 2264 ln
1005 2202 1085 2283 quod

77 2304 172 2366 genus
187 2289 287 2349 incidit
301 2286 407 2350 dinero
422 2288 545 2367 laquem
563 2290 600 2350 do
616 2286 648 2349 d.
665 2286 784 2350 Fannio.
824 2287 860 2351 is
878 2290 980 2351 soceri
999 2289 1086 2350 insti·

79 2379 159 2448 tuta,
189 2389 293 2452 quem,
325 2374 401 2452 quia
427 2380 586 2452 cooptatus
611 2376 644 2435 iu
663 2371 825 2454 Aapurum
848 2373 1005 2453 ooltepium
1025 2392 1086 2434 uon

78 2464 165 2533 erat,
192 2475 253 2518 nou
281 2458 446 2520 admodum
474 2458 640 2539 dilipebam
664 2460 851 2537 praesertim
878 2477 947 2519 oum
968 2459 1020 2519 ille
1049 2455 1084 2530 Q.

75 2538 261 2603 Scaeuolam
275 2542 335 2602 sibi
348 2542 493 2604 ndnarem
506 2549 582 2604 natu
601 2560 749 2622 perreriam
765 2543 971 2622 praetulisset.
1014 2539 1085 2599 Nam
1145 2578 1147 2581 v

77 2625 139 2686 sihi
154 2633 183 2685 at
196 2624 232 2685 ad
248 2641 382 2685 socerum
396 2625 502 2686 referri
518 2633 548 2686 et
562 2626 597 2686 ad
613 2624 751 2688 Fannium
772 2633 880 2704 potest.
929 2623 1085 2684 Prnduotio
1094 2629 1128 2683 13

78 2725 197 2788 quoque
218 2711 328 2788 scripto
345 2719 374 2769 et
389 2711 537 2788 correptio
558 2712 586 2769 in
602 2710 689 2771 dnbio
704 2708 807 2770 relicta
827 2717 978 2770 causaest
997 2706 1085 2768 ambi·

76 2795 212 2871 guitatis,
230 2802 260 2853 ut
272 2796 301 2854 in
313 2792 386 2869 hoo,
404 2791 490 2857 Cato.
521 2793 608 2854 Aliud
623 2796 698 2854 enirn
710 2793 836 2855 ostendit
847 2792 945 2853 brevis
957 2791 1086 2853 secunda

79 2876 194 2952 syllaba
217 2895 286 2938 nasu
304 2880 496 2953 nominativo,
519 2877 595 2938 alind
612 2879 714 2939 eadem
728 2876 843 2955 syllaba
858 2877 1001 2957 producta
1015 2894 1085 2937 oasu

77 2962 177 3023 dativo
195 2970 243 3020 aut
265 2960 402 3023 ablativa.
448 2961 590 3022 Plurimae
606 2972 760 3040 praeterea
780 2970 845 3022 sunt
863 2961 937 3022 aliae
954 2963 1084 3040 species,

79 3062 152 3122 quas
166 3048 306 3125 persequi
320 3046 390 3107 nihil
404 3065 529 3107 neeesse
542 3056 597 3106 est.

164 3129 229 3190 Neo
249 3131 358 3207 refert,
384 3148 442 3210 qno
459 3130 546 3191 modo
561 3133 598 3190 sit
618 3130 695 3191 lacta
710 3128 886 3208 amphibolia
901 3139 950 3191 aut
967 3136 1130 3209 quare-14

79 3212 219 3274 solvatur.
256 3213 336 3275 Duas
348 3217 424 3275 enim
434 3233 483 3275 res
499 3215 655 3292 signihoari
669 3214 850 3274 manifestum
865 3223 926 3291 est,
945 3223 990 3289 et,
1008 3212 1087 3292 quod

78 3296 116 3357 ad
138 3299 277 3377 seriptum
297 3316 440 3359 vocemve
456 3302 598 3378 pertinet,
621 3301 650 3358 in
665 3307 815 3376 utramque
831 3295 1009 3376 partem'par
1030 3305 1086 3356 est.

81 3380 211 3459 [deoque
226 3381 333 3443 frustra
354 3385 547 3462 praecipitur,
569 3392 601 3443 ut
616 3385 644 3442 iu
658 3382 716 3443 hoo
731 3391 806 3443 statu
824 3399 927 3442 rocem
942 3384 1034 3461 ipsam
1051 3380 1087 3442 ad

79 3473 209 3527 nestram
226 3475 337 3555 partem
362 3483 500 3528 conemur
519 3476 648 3529 vertere.
691 3466 779 3546 Nam,
804 3467 830 3526 si
850 3466 879 3527 id
896 3466 962 3526 beri
977 3473 1088 3546 potest,
