2408 3854
133 175 192 258 tte
341 238 344 243 -
455 207 818 268 u.aan.ou1uu1n1sn1

129 373 208 440 tare,
232 379 289 440 quo
309 362 375 422 solo
390 379 501 439 genere
520 361 737 422 exercitationis
753 361 856 422 dicitur
871 379 939 422 usus
955 379 1023 421 esse
1040 361 1125 441 Sulpi

130 450 202 508 cius.
232 444 304 506 Nam
322 455 351 505 et
366 445 495 506 sublimis
512 446 628 525 spiritus
645 443 782 505 attollere
798 446 957 505 orationem
975 454 1090 523 potest,
1108 455 1138 506 et

128 530 219 592 verba
234 532 351 609 poetica
367 528 502 589 libertate
520 529 674 590 audaciora
686 543 744 587 nou
757 539 943 607 praesumunt
954 529 1057 590 eadem
1069 547 1136 607 pro·

129 616 194 694 prie
210 613 324 674 dicendi
343 612 520 673 facultatem.
550 613 609 672 Sed
626 621 655 672 et
670 614 741 691 ipsis
753 615 903 673 sententiis
921 613 1049 673 adiicere
1065 613 1136 674 licet

130 700 286 760 oratorium
313 696 402 756 robur
429 705 458 756 et
485 700 591 757 omissa
619 696 776 775 supplere,
806 696 898 757 effusa
924 696 1135 774 substringere.

101 781 231 861 5Neque
261 799 318 858 ego
338 780 538 860 paraphrasim
559 799 627 840 esse
652 781 922 858 interpretationem
942 789 1049 841 tantum
1064 781 1137 841 volo

128 864 181 925 sed
193 867 271 926 circa
287 865 406 924 eosdem
418 883 522 925 sensus
537 873 685 925 certamen
697 873 784 943 atque
797 865 1027 926 aemulationem.
1051 864 1137 925 ldeo·

128 967 185 1028 que
202 948 312 1010 abillis
330 948 486 1024 dissentio,
509 950 557 1027 qui
579 956 697 1025 vertere
722 948 871 1008 orationes
889 947 1004 1009 latinas
1025 957 1136 1024 vetant,

128 1034 194 1112 quia
217 1034 332 1112 optimis
357 1033 525 1111 occupatis,
550 1031 686 1111 quidquid
708 1031 794 1091 aliter
816 1032 990 1108 dixerimus,
1009 1050 1137 1092 necesse

127 1119 164 1177 sit
180 1135 247 1177 esse
263 1116 401 1177 deterius.
434 1115 506 1176 Nam
522 1133 618 1195 neque
639 1132 756 1194 semper
771 1124 817 1176 est
832 1116 1060 1194 desperandum,
1084 1116 1136 1176 ali-

128 1201 196 1281 quid
214 1201 282 1277 illis,
299 1219 374 1280 quae
390 1200 467 1261 dicta
484 1208 559 1276 sunt,
571 1199 674 1259 melius
690 1216 780 1278 posse
795 1203 930 1278 reperiri;
949 1217 1045 1278 neque
1061 1201 1136 1260 adeo

126 1285 250 1344 ieiunam
263 1302 298 1345 ac
313 1303 473 1363 pauperem
487 1293 587 1344 natura
602 1283 797 1361 eloquentiam
820 1284 907 1360 iecit,
931 1293 962 1344 ut
977 1301 1032 1343 una
1050 1284 1086 1344 de
1102 1303 1136 1344 re

100 1367 204 1430 liberte
220 1368 276 1428 dici
293 1370 347 1427 nisi
367 1368 459 1427 semel
476 1385 534 1426 non
551 1369 653 1446 possit.
696 1365 759 1427 Nisi
773 1368 850 1428 iorte
862 1368 1032 1441 histrionum
1047 1369 1136 1429 multa

129 1454 205 1511 eirca
223 1469 314 1511 voces
331 1451 448 1511 easdem
463 1453 577 1510 variare
591 1459 693 1528 gestus
715 1460 831 1530 potest,
855 1451 956 1511 orandi
970 1455 1063 1511 minor
1078 1453 1135 1527 vis,

129 1543 160 1593 ut
175 1535 286 1594 dicatur
303 1534 427 1614 aliquid,
445 1544 514 1613 post
530 1535 607 1614 quod
628 1536 657 1594 iu
677 1533 778 1594 eadem
801 1537 920 1595 materia
942 1535 1012 1594 nihil
1033 1535 1135 1595 dicen-

129 1617 194 1677 dum
209 1619 255 1677 sit.
289 1618 347 1678 Sed
364 1627 439 1694 esto,
457 1637 554 1698 neque
569 1617 672 1679 melius
689 1618 767 1697 quod
779 1621 938 1679 invenimus
956 1636 1024 1679 esse
1038 1637 1135 1697 neque

99 1710 116 1765 i
129 1720 196 1780 par:
213 1711 257 1762 est
273 1711 355 1762 certe
371 1705 510 1780 proximis
526 1702 620 1764 locus.
659 1702 705 1762 An
721 1721 792 1763 vero
811 1705 867 1783 ipsi
880 1720 938 1762 non
954 1703 998 1763 bis
1014 1721 1049 1763 ac
1069 1721 1131 1763 sae·

128 1787 193 1865 pius
210 1786 247 1846 de
265 1787 366 1847 eadem
383 1804 416 1846 re
435 1787 554 1847 dicimus
577 1796 606 1847 et
628 1786 743 1866 quidem
766 1789 917 1847 continuas
933 1804 1135 1869 nonnunquam

128 1867 310 1930 sententias?
341 1868 403 1929 Nisi
419 1871 496 1931 iorte
513 1871 691 1932 contendere
708 1870 859 1931 nobiscum
876 1887 1048 1949 possumus,
1070 1889 1136 1931 cum

127 1953 191 2012 aliis
207 1971 264 2013 non
280 1971 442 2032 possumus.
481 1954 552 2015 Nam
569 1956 594 2013 si
615 1970 672 2014 uno
688 1973 799 2031 genere
817 1954 893 2014 bene
910 1956 1072 2016 diceretur:
1090 1954 1136 2014 ias

128 2046 190 2097 erat
208 2039 365 2098 existimari
380 2040 563 2117 praeclusam
579 2038 662 2098 nobis
678 2056 694 2099 a
710 2037 854 2117 prioribus
866 2037 955 2106 viam:
972 2055 1047 2098 nunc
1061 2055 1136 2098 vero

126 2121 348 2181 innumerabiles
375 2131 440 2181 sunt
464 2123 541 2182 modi
568 2123 768 2201 plurimaeque
793 2122 897 2190 eodem
925 2125 990 2182 viae
1017 2121 1134 2182 ducunt.

99 2204 185 2263 8Sua
201 2203 334 2264 brevitati
350 2208 444 2282 gratia
461 2225 513 2265 sua
530 2207 643 2283 copiae,
662 2205 718 2266 alia
730 2205 876 2266 translatis
887 2207 978 2265 virtus
995 2205 1051 2266 alia
1067 2223 1135 2284 pro·

127 2287 208 2366 palis,
222 2287 279 2346 hoc
295 2290 387 2347 oratio
403 2298 484 2348 recta
496 2289 567 2349 illud
580 2290 673 2366 ligura
690 2289 833 2349 declinata
847 2289 1036 2350 commendat,
1067 2288 1136 2368 lpsa

127 2369 252 2448 denique
272 2371 422 2432 utilissima
444 2381 490 2431 est
512 2374 713 2432 exercitationi
738 2372 903 2433 diiiicultas.
940 2372 1032 2449 Quid,
1057 2374 1137 2451 quod

127 2463 263 2515 auctores
285 2456 399 2515 maximi
427 2457 470 2516 sio
500 2455 665 2534 diligentius
694 2459 930 2534 cognoscuntur?
970 2455 1036 2516 Nou
1060 2459 1136 2516 enim

127 2539 236 2618 scripta
261 2538 389 2599 lectione
410 2558 514 2600 secura
536 2543 758 2601 transcurrimus
780 2541 832 2600 sed
849 2549 1004 2600 tractamus
1020 2541 1136 2618 singula

127 2631 157 2681 et
174 2625 343 2683 necessario
361 2624 574 2703 introspicimus
592 2632 631 2700 et,
649 2633 783 2702 quantum
798 2625 911 2683 virtutis
931 2624 1067 2700 habeant,
1086 2625 1135 2683 vel

127 2705 183 2765 hoc
198 2709 264 2786 ipso
282 2709 497 2784 cognoscimus,
515 2708 591 2786 quod
606 2708 708 2769 imitari
723 2724 781 2768 uon
795 2724 960 2786 possumus.

98 2797 115 2850 9
211 2789 275 2850 Nec
290 2792 383 2851 aliena
405 2801 512 2851 tantum
526 2792 684 2852 transferre
705 2790 757 2851 sed
781 2793 866 2851 etiam
888 2801 987 2851 nostm
1003 2788 1134 2869 pluribus

127 2873 219 2933 modis
235 2883 361 2934 tractare
377 2875 522 2953 proderit:
543 2886 574 2936 ut
599 2894 637 2936 ex
656 2876 794 2936 industria
816 2893 958 2935 sumamus
975 2875 1136 2934 sententias

128 2955 264 3033 quasdam
286 2975 395 3037 easque
409 2977 560 3019 versemus
577 2978 661 3039 quam
675 2960 921 3034 numerosissime,
937 2960 1017 3019 velut
1033 2957 1136 3018 eadem

78 3049 196 3099 locem
213 3039 284 3101 alias
300 3041 431 3119 aliasque
445 3043 553 3102 formas
569 3043 634 3103 duci
648 3043 735 3103 solet.
763 3042 915 3103 Plurimum
931 3042 1136 3120 autem-parari

127 3122 272 3182 facultatis
289 3126 421 3185 existimo
434 3144 472 3185 ex
487 3126 699 3205 simplicissima
714 3144 828 3206 quaque
839 3127 969 3187 materia.
996 3124 1069 3186 Nam
1084 3124 1137 3185 illa

127 3206 279 3286 multiplici
293 3225 493 3286 personarum,
511 3227 670 3288 causarum,
689 3220 862 3289 temporum,
881 3210 1024 3286 locorum,
1042 3208 1135 3269 dicto·

128 3309 209 3364 rum,
228 3292 369 3353 factorum
385 3292 553 3353 diversitate
569 3295 656 3354 iacile
677 3295 833 3356 delitescet
855 3295 1020 3369 infirmitas,
1036 3301 1081 3355 tot
1100 3310 1135 3353 se

129 3374 252 3453 undique
268 3376 371 3458 rebus,
388 3376 543 3456 exquibus
560 3379 684 3457 aliquam
700 3378 913 3458 apprehendas,
932 3374 1133 3439 offerentibus.

85 3454 199 3516 lllllud
214 3461 326 3519 virtutis
343 3460 476 3521 indicium
489 3471 544 3538 est,
561 3461 683 3525 lvrndere
699 3481 773 3542 quae
784 3472 883 3522 natura
897 3469 1046 3522 contracta
1056 3466 1135 3537 suut,

144 3580 302 3632 Aa
