2408 3854
147 183 209 246 236
347 174 354 188 ’
478 193 841 254 ra.sna.Qu1rsu1u1nn1

148 357 222 429 quae
238 351 389 410 transferri
405 366 462 409 non
477 357 627 427 poterant,
649 366 748 407 manus
763 351 872 408 iactare
889 358 918 408 et
933 350 1035 410 dulces
1052 353 1155 413 excla-

146 436 286 494 mationes
301 434 406 493 theatri
422 450 510 493 causa
524 432 689 511 producere
706 441 734 491 et
749 431 938 509 ingrediendo
950 443 1067 495 ventum
1081 454 1152 498 con·

147 520 247 596 cipere
272 526 356 578 veste
384 526 414 577 et
438 533 639 594 nonnunquam
665 514 768 576 dextro
798 516 890 576 latere
913 518 1014 578 lacere
1035 529 1153 598 gestus,

147 601 225 679 quod
239 603 381 661 neminem
399 601 485 661 ulium
499 600 553 659 nisi
568 599 746 679 llemetrium
763 600 874 667 decuit:
893 619 1016 680 namque
1032 605 1061 662 iu
1075 603 1153 664 baec

89 688 238 751 lssoomnia
261 694 370 746 statura
392 693 421 744 et
441 685 512 744 mira
536 686 638 762 specie
660 682 862 750 adimebatur:
890 685 971 745 illum
993 705 1097 748 cursus
1121 697 1153 748 et

146 769 261 846 agilitas
284 776 313 828 et
332 768 381 828 uel
399 783 500 847 parum
517 769 694 828 conveniens
710 785 856 846 personae
873 771 965 845 risus,
991 787 1077 848 quem
1092 788 1151 831 non

144 854 264 930 ignarus
280 854 400 912 rationis
415 851 526 931 populo
544 851 646 927 dabat,
671 861 701 911 et
723 861 871 912 contracta
887 854 973 912 etiam
989 855 1148 914 cervicula.

28 970 33 979 ·
146 935 292 1014 Quidquid
304 936 407 996 borum
419 935 494 997 alter
506 935 639 1011 lecisset,
656 934 853 995 foedissimum
864 936 1022 996 uideretur.
1051 937 1151 1010 Quare

145 1020 222 1079 norit
238 1037 270 1078 se
287 1022 426 1098 quisque,
448 1037 503 1079 neo
518 1028 626 1079 tantum
642 1036 679 1079 ex
697 1019 893 1079 communibus
908 1022 1077 1099 praeceptis
1095 1023 1152 1082 sed

146 1104 231 1162 etiam
257 1122 295 1162 ex
320 1113 421 1163 natura
446 1121 498 1162 sua
524 1105 620 1181 capiat
646 1102 797 1163 consilium
823 1103 990 1164 formandae
1012 1105 1146 1164 actionis.

88 1185 247 1266 litheque
269 1186 340 1248 illud
359 1196 455 1248 tamen
471 1196 517 1246 est
533 1187 631 1262 naias,
657 1196 687 1247 ut
703 1187 832 1265 aliquem
844 1186 893 1247 vel
910 1190 1004 1248 omnia
1018 1188 1068 1248 vel
1083 1189 1147 1267 plu·

143 1271 214 1330 rima
229 1270 362 1332 deceant.
390 1271 478 1331 llaias
495 1287 612 1350 quoque
628 1269 686 1331 loci
701 1270 831 1331 clausula
844 1272 882 1331 sit
892 1271 1004 1346 eadem,
1020 1290 1150 1333 necesse

143 1363 200 1431 est,
217 1372 292 1432 quae
308 1364 474 1415 ceterorum
489 1364 544 1430 est,
559 1368 684 1432 regnare
699 1356 822 1414 maxime
837 1357 962 1415 modum.
988 1354 1055 1415 Nou
1071 1358 1147 1417 euim

145 1439 316 1499 comoedum
337 1454 405 1499 esse
423 1437 476 1497 aed
497 1447 643 1499 oratorem
662 1438 742 1498 tolo.
781 1437 878 1512 Quare
899 1457 995 1517 neque
1017 1441 1046 1498 in
1060 1450 1148 1517 gestu

112 1515 114 1517 ’
142 1537 356 1600 persequemur
371 1538 471 1582 omnes
486 1524 613 1600 argutias
627 1538 683 1582 neo
697 1524 726 1581 in
740 1521 886 1601 loquendo
902 1523 1147 1600 distinctionibus,

88 1623 135 1676 132
142 1605 333 1682 temporibus,
351 1603 552 1666 allectionibus
568 1607 693 1666 moleste
708 1616 830 1666 utemur.
862 1607 901 1667 Ut
916 1609 942 1666 si
959 1609 995 1666 sit
1012 1608 1040 1667 in
1054 1626 1147 1668 scena

143 1689 310 1749 dicendum:

207 1770 290 1845 Qtdd
303 1774 398 1852 igitur
410 1775 549 1853 facium?
573 1790 634 1836 ooo
648 1791 732 1847 com,
748 1792 787 1835 oe
800 1792 885 1835 nunc
900 1776 1032 1854 quidest,

206 1854 282 1917 Cum
297 1875 442 1926 arcessor
463 1859 563 1919 ultro?
589 1875 630 1918 un
649 1859 753 1934 potius
773 1858 817 1918 ito
832 1876 880 1919 me
895 1876 1081 1938 compotem,
1194 1882 1196 1890 ¹

204 1937 273 2002 Non
286 1943 406 2020 perpeti
421 1943 614 2004 meretricum
630 1942 848 2001 contumelias?

225 2020 279 2084 llic
292 2026 366 2085 enim
382 2023 566 2085 dubitationis
581 2039 688 2100 moras,
704 2026 787 2084 vocis
801 2024 905 2102 llexus,
920 2028 1015 2087 varias
1031 2045 1143 2104 manus,

142 2106 276 2168 diversos
299 2118 383 2169 nutus
404 2118 486 2169 actor
507 2106 664 2168 adhibebit.
697 2106 785 2168 Aliud
803 2111 896 2168 oratio
918 2112 994 2189 sapit
1009 2129 1065 2170 nec
1080 2110 1144 2172 vult

142 2192 255 2250 nimium
274 2209 342 2251 esse
360 2191 484 2252 condita.
515 2190 639 2250 notione
657 2194 730 2251 enim
753 2201 866 2252 constat
892 2210 950 2253 nou
972 2196 1141 2255 imitatione.

86 2271 240 2346 lssssuare
261 2292 318 2334 nou
339 2276 481 2335 immerito
498 2275 720 2354 reprehenditur
739 2279 932 2354 pronuntiatio
956 2287 986 2337 et
1006 2278 1142 2339 vultuosa

142 2365 172 2415 et
185 2357 455 2433 gesticulationibus
479 2359 602 2419 molesta
620 2368 649 2419 et
668 2362 751 2419 vocis
767 2361 969 2420 mutationibus
985 2361 1141 2421 resultans.

140 2438 205 2500 Nec
221 2440 358 2503 inutiliter
377 2460 414 2503 er
431 2442 552 2504 Graecis
574 2452 692 2503 veteres
715 2445 936 2521 transtulerunt,
959 2444 1037 2524 quod
1053 2445 1089 2505 ab
1106 2447 1140 2505 iis

141 2535 283 2602 sumptum
298 2526 409 2587 Laenas
425 2527 554 2607 Popilius
569 2529 683 2606 posuit,
707 2544 774 2587 esse
791 2528 865 2588 banc
879 2531 1031 2589 inotiosam
1049 2531 1141 2588 actio·

84 2609 214 2669 184nem.
246 2609 359 2690 Optime
380 2613 468 2690 igtur
489 2613 582 2686 idem,
608 2613 655 2690 qui
677 2613 787 2688 omnia,
810 2609 917 2674 Gieero
934 2621 1141 2692 praeceperat,

141 2709 215 2769 quae
232 2708 319 2773 supra
338 2712 375 2756 ex
390 2704 508 2756 oratore
526 2696 628 2774 posui3
656 2694 758 2773 quibus
776 2697 879 2757 similit
896 2700 924 2757 ln
942 2696 1031 2757 Bruto
1047 2697 1084 2758 de
1100 2694 1140 2756 bl.

139 2775 265 2836 Antonio
284 2778 362 2838 dicit.
396 2780 455 2840 Sed
478 2780 533 2840 iarn
555 2787 676 2857 recepta
692 2788 737 2838 est
757 2780 833 2840 actio
855 2782 942 2859 paulo
958 2783 1094 2858 agitatior
1112 2789 1143 2839 et

140 2859 265 2934 exigitur
287 2871 316 2920 et
338 2863 507 2940 quibusdam
528 2857 657 2941 partibus
680 2865 831 2939 oonrenlt,
858 2869 896 2925 ita
916 2875 1011 2925 tamen
1029 2873 1140 2943 tempe·

138 2941 242 3018 randa,
260 2941 394 3018 ne,'dum
412 2949 520 3007 actoris
541 2954 689 3025 captamus
707 2946 896 3026 elegantiam,
913 2948 1067 3027 perdamus
1084 2949 1140 3007 viri

137 3020 207 3083 boni
221 3033 250 3085 et
264 3029 361 3104 gravis
378 3032 587 3091 auctoritatem.

540 3257 727 3267 ....———-
