2408 3854
120 195 181 256 246
433 199 796 280 m.unn.on1urrn1nur

88 363 232 428 evidetur
246 360 275 419 in
290 359 480 440 possessione
496 374 592 417 earnm
607 372 703 415 rerum
723 353 824 412 luisse.
853 350 926 414 Hine
947 354 1032 419 etiam
1051 353 1125 415 illud

120 455 181 521 est,
206 444 284 522 quod
301 441 405 503 Gieero
426 440 555 520 pluribus
572 448 601 501 et
615 438 696 501 libris
716 445 746 497 et
766 435 902 515 epistolis
916 445 1057 513 testatur,
1082 438 1124 499 di·

119 529 204 590 nendi
224 526 392 591 laenitatem
412 544 450 587 ex
469 526 574 585 intimis
589 523 751 603 sapientiae
765 519 894 585 tontibus
909 520 1018 597 iluere,
1041 522 1123 582 ideo-

119 631 175 696 que
207 611 382 691 aliquamdiu
404 618 616 688 praeceptores
639 605 759 667 eosdem
783 604 876 667 inisse
899 621 1010 671 morum
1035 613 1124 684 atque

119 695 243 757 dicendi.
281 694 468 772 Quapropter
488 693 563 759 haee
588 690 752 759 exhortatio
773 705 839 758 moa
853 704 912 751 nou
931 705 968 749 eo
984 691 1123 767 pertinet,

118 790 149 840 nt
164 798 232 841 asse
250 787 397 838 oratorem
417 775 624 856 philosophum
639 775 743 849 velim,
766 772 880 853 quando
897 790 956 833 non
972 773 1028 837 alia
1044 774 1123 834 vitae

118 873 201 924 secta
224 862 340 940 longius
363 879 379 922 a
396 861 528 922 civilibus
544 861 650 921 elliniis
666 867 754 937 atque
769 856 805 919 ab
829 859 907 925 unani
922 874 1041 923 munere
1057 874 1123 918 ora·

90 948 190 1007 ituris
212 948 347 1006 reeessit.
384 944 457 1007 Nam
479 947 543 1025 quis
561 942 808 1024 philosophorum
823 949 872 1005 aut
887 943 915 1000 in
935 941 1047 1003 iudioiis
1063 940 1122 1001 ire·

118 1049 210 1110 quens
232 1039 279 1089 aut
302 1029 398 1089 elarns
420 1031 449 1089 in
472 1027 654 1089 contionibus
670 1023 744 1087 init?
773 1025 845 1100 Quis
862 1024 986 1104 denique
1001 1027 1031 1084 in
1046 1027 1123 1103 ipsa,

118 1132 202 1193 quam
218 1115 341 1173 maxime
357 1113 492 1193 plerique
507 1114 706 1192 praeripiunt,
729 1108 924 1189 reipublicae
945 1109 1123 1170 administra·

117 1201 196 1258 tione
213 1206 347 1258 versatus
366 1195 435 1257 esti
465 1196 554 1276 Atqui
570 1215 628 1275 ego
646 1195 746 1272 illum,
763 1212 849 1274 quem
865 1195 1000 1271 instituo,
1017 1193 1123 1264 Rorna-

117 1301 182 1343 uum
206 1282 349 1361 quenulam
368 1281 456 1344 velim
479 1300 547 1341 esse
570 1283 747 1360 sapientem,
773 1281 822 1358 qui
842 1295 900 1347 nou
920 1280 1044 1343 seeretis
1065 1278 1123 1338 dis-

117 1365 314 1445 putationibus
341 1365 394 1426 sed
419 1383 516 1426 rerum
545 1365 751 1444 experimentis
775 1371 863 1444 atque
891 1362 1030 1443 operibus
1051 1381 1124 1423 vere

88 1450 234 1511 &uirilem
248 1451 340 1509 virum
359 1448 505 1512 exhibeat.
536 1449 596 1511 Sed
612 1450 679 1530 qnia
697 1448 815 1509 deserta
835 1447 871 1511 ab
887 1447 948 1523 luis,
974 1448 1022 1526 qui
1038 1465 1071 1509 se
1087 1447 1124 1508 ad

118 1534 315 1613 eloquentiam
341 1533 541 1610 contulerunt,
562 1533 656 1597 studia
677 1533 839 1612 sapientiae
859 1549 917 1597 nou
933 1533 989 1593 iam
1010 1533 1038 1591 in
1055 1538 1124 1593 notu

118 1635 172 1677 suo
193 1626 280 1696 atque
301 1618 330 1677 in
351 1616 406 1677 hac
428 1617 485 1677 iori
508 1617 575 1679 lune
593 1625 746 1680 versantur
767 1616 821 1680 sed
842 1617 871 1676 in
891 1617 1021 1696 portione
1044 1625 1074 1677 et
1094 1618 1124 1677 io

117 1703 265 1778 gymnasia
280 1701 417 1780 primum,
433 1704 545 1762 morin
563 1711 721 1764 conventus
737 1700 904 1762 scholarum
918 1709 1122 1763 recesserunt:
1168 1762 1171 1766 ,

116 1786 162 1862 id,
181 1785 259 1863 qnod
275 1794 320 1845 est
340 1788 450 1847 oratori
467 1787 665 1853 neeessariam
680 1804 736 1846 nee
752 1804 769 1846 a
784 1785 901 1847 dicendi
921 1786 1122 1864 praeceptori·

118 1869 172 1928 lrus
191 1869 330 1947 traditur,
352 1867 388 1930 alr
406 1870 441 1929 iis
457 1880 560 1949 petere
576 1872 705 1931 nimirum
723 1887 849 1931 neeesse
870 1878 933 1946 est,
955 1867 1032 1947 apud
1047 1885 1122 1948 quos

118 1955 271 2030 remansit,
288 1953 459 2015 evolvendis
472 1950 586 2033 penitus
601 1952 779 2031 auctoribus,
799 1955 848 2032 qui
863 1953 900 2015 de
915 1954 1023 2019 uirtute
1036 1970 1122 2032 prae·

119 2038 243 2115 oipiuut;
274 2047 304 2097 ut
330 2040 454 2099 oratoris
476 2041 535 2098 vita
562 2057 626 2099 eum
645 2039 768 2101 seientia
787 2037 944 2102 divinarum
964 2053 1062 2101 rerum
1085 2039 1123 2097 sit

89 2120 360 2200 9humanarumque
382 2123 544 2183 ooniuneta.
585 2121 668 2196 Quae
689 2124 772 2200 ipsae
801 2130 908 2201 quarto
934 2122 1060 2185 maiores
1087 2139 1122 2181 ae

118 2203 302 2282 pulchriores
317 2205 502 2282 viderentur,
524 2208 549 2267 si
565 2205 631 2268 illas
645 2206 664 2265 ii
680 2205 832 2281 dooeraut,
853 2207 901 2284 qui
920 2207 1006 2266 etiam
1022 2205 1126 2285 oloqui·

118 2289 365 2365 praestantissime
381 2286 524 2367 possenti
544 2288 716 2368 Utinamque
732 2290 769 2349 sit
783 2299 897 2369 ternpus
911 2307 1046 2368 uuquam,
1063 2305 1121 2368 quo

117 2371 267 2449 perieetns
290 2371 411 2451 aliquis,
434 2372 549 2451 qualem
566 2382 732 2452 optamus,
748 2382 847 2434 orator
864 2373 939 2439 hane
962 2381 1054 2439 artem
1074 2388 1121 2432 su·

117 2453 210 2533 perbo
225 2456 341 2515 nomine
364 2464 393 2515 et
414 2458 491 2519 vitiis
509 2458 687 2536 quorundam
706 2458 782 2518 bona
801 2459 863 2520 eius
879 2457 1123 2535 corrumpentium

117 2540 237 2600 invisam
252 2540 379 2601 vindieet
392 2539 449 2601 silri
463 2559 510 2617 ao,
527 2541 610 2602 velut
623 2539 712 2603 rebus
727 2543 871 2619 repetitis,
890 2543 920 2601 in
933 2557 1043 2620 eorpus
1058 2539 1121 2607 elo·

76 2625 252 2701 l0quentiae
272 2625 406 2687 adducat.
441 2625 524 2699 Quae
545 2625 660 2704 quidem
681 2643 745 2687 num
763 2627 801 2686 sit
822 2627 923 2687 instris
941 2623 1033 2687 divisa
1054 2641 1120 2703 pur·

117 2716 179 2782 tes,
202 2708 426 2786 naturalem,
452 2708 643 2786 moralem,
664 2709 900 2771 rationalem:
928 2726 985 2788 qua
1005 2707 1121 2770 taudem

117 2807 174 2849 non
189 2800 235 2852 est
250 2810 315 2855 oum
331 2794 456 2855 oratoris
472 2810 563 2873 opere
581 2790 754 2855 coniuncta?

200 2873 274 2936 llam
289 2886 319 2936 ut
335 2877 464 2941 ordinem
479 2887 559 2938 retro
576 2896 706 2957 mamus,
721 2877 758 2939 de
772 2877 870 2938 ultima
888 2877 953 2954 illa,
968 2893 1044 2955 quae
1059 2882 1121 2935 tota

116 2966 249 3019 versatur
261 2960 290 3018 in
304 2959 419 3038 verbis,
435 2979 521 3023 nemo
536 2961 721 3039 dubitaverit,
739 2964 764 3023 si
779 2971 809 3023 et
823 2964 1021 3041 proprietates
1036 2959 1120 3019 noeis

118 3041 257 3120 cuiusque
281 3060 371 3104 nosse
392 3054 422 3105 et
448 3045 581 3126 ambigua
602 3047 718 3125 aperire
741 3054 771 3107 et
786 3045 930 3125 perplexa
951 3045 1121 3109 discernere

118 3133 146 3184 et
161 3124 198 3185 de
215 3125 297 3187 falsis
319 3126 448 3191 iudieare
469 3139 499 3191 et
514 3129 659 3208 colligere
679 3148 714 3191 ao
733 3130 905 3206 resolvere,
934 3145 1010 3209 quae
1032 3126 1119 3203 velis,

74 3215 107 3268 ll
117 3218 263 3270 oratorum
287 3219 343 3272 est.
376 3211 546 3293 Quanquam
561 3222 742 3277 eunonium
764 3222 809 3274 est
819 3215 929 3275 minute
945 3223 1034 3292 atque
1051 3227 1120 3271 eou-

117 3294 178 3354 nise
194 3295 224 3355 in
239 3295 400 3359 notionibus
416 3297 552 3359 utendum
569 3313 655 3377 quau
669 3298 697 3358 iu
712 3296 964 3379 disputationibus,
982 3297 1122 3376 quianon

116 3375 226 3439 dooere
243 3379 329 3441 ruodo
342 3382 395 3443 sed
411 3398 531 3442 movere
544 3381 630 3443 etiam
645 3399 679 3443 ae
695 3381 845 3444 delectare
863 3380 1015 3445 audientes
1031 3377 1121 3445 debet

115 3470 232 3539 orator,
259 3464 294 3525 ad
317 3465 396 3544 qnod
416 3466 525 3544 impetu
551 3485 668 3548 quoque
694 3487 729 3529 ae
751 3465 861 3529 viribus
885 3465 1120 3527 summoueret
