2408 3854
130 177 189 236 190
440 184 804 244 m.ann.ouJ1nmumm1

87 341 232 407 lsinutilia
253 337 413 399 credamus.
446 340 505 400 Sed
527 339 584 400 hoc
601 339 802 418 qualecunque
820 337 974 398 discrimen
994 356 1061 399 raro
1078 342 1129 403 ad·

126 424 240 483 modum
256 424 386 489 eveniet;
403 424 478 483 idem
494 423 568 498 lere,
583 432 614 482 ut
629 422 698 497 dixi,
715 422 833 480 inomni
850 439 961 497 genere
976 440 1130 492 causarum

127 517 156 568 et
172 505 303 584 proderit
319 515 348 566 et
365 505 490 565 decebit.
521 504 575 565 Est
589 514 694 581 autem,
712 506 789 584 quod
805 522 905 564 omnes
921 514 950 564 et
966 524 1083 585 semper
1099 517 1130 568 et

126 591 233 669 ubique
249 590 362 664 deceat,
379 588 479 649 iacere
490 608 525 649 ac
541 589 640 649 dicere
655 588 795 656 boneste;
811 597 971 667 contraque
984 592 1128 651 neminem

126 691 249 753 unquam
261 672 322 732 ullo
338 673 366 730 in
381 672 460 748 loco,
476 675 608 750 turpiter.
638 672 750 733 lllinora
764 687 837 731 vero
854 690 989 751 quaeque
1005 684 1072 735 suut
1087 694 1128 735 ex

125 757 226 817 mediis
246 757 418 835 plerumque
439 758 505 816 sunt
527 756 611 832 talia,
633 765 664 816 ut
687 756 751 816 aliis
773 756 828 815 sint
848 757 1036 818 concedenda
1051 760 1128 819 aliis

125 858 183 900 non
198 841 270 915 sint,
291 848 340 900 aut
356 857 411 919 pro
435 857 578 919 persona,
600 849 751 918 tempore,
770 840 855 914 loco,
879 857 966 901 causa
983 844 1075 919 magis
1092 860 1128 902 ac
1188 875 1191 878 >

87 925 216 988 15minus
230 924 279 983 vel
299 932 438 984 excusata
453 923 578 985 debeant
592 923 685 984 videri
702 923 751 983 vel
768 922 1019 1002 reprehendenda.
1055 921 1128 985 Cum

125 1008 251 1068 dicamus
275 1016 370 1067 autem
392 1006 535 1068 derebus
558 1016 606 1068 aut
626 1007 729 1067 alienis
751 1016 799 1066 aut
819 1009 943 1067 uostris:
973 1006 1127 1070 dividenda

125 1092 198 1151 ratio
222 1100 267 1150 est
290 1107 407 1167 eorum,
433 1090 498 1151 dum
520 1094 642 1152 sciamus
667 1091 809 1170 pleraque
835 1099 938 1150 neutro
965 1091 1033 1151 loco
1057 1110 1127 1152 con·

125 1192 233 1234 venne.

208 1257 239 1318 ln
255 1260 353 1337 primis
368 1260 455 1336 igitur
469 1260 561 1318 omnis
576 1260 679 1318 vitiosa
694 1258 851 1318 iactatio
868 1266 923 1334 est,
940 1259 1127 1336 eloquentiae

125 1344 262 1404 tamenin
280 1352 397 1401 oratore
415 1343 590 1419 praecipue,
615 1341 757 1420 adertque
775 1341 956 1402 audientibus
972 1359 1030 1401 non
1045 1343 1126 1403 lasti·

86 1427 197 1491 lodium
221 1425 307 1486 modo
330 1425 383 1487 sed
405 1425 574 1503 plerumque
597 1427 682 1484 etiam
703 1423 808 1490 odium.
838 1424 933 1486 Habet
953 1427 1028 1485 enim
1042 1444 1125 1487 mens

125 1521 222 1570 nostra
238 1520 337 1570 natura
352 1508 474 1570 sublime
490 1506 622 1587 quiddam
638 1517 669 1568 et
683 1517 812 1569 erectum
827 1518 856 1568 et
870 1511 1021 1588 impatiens
1037 1529 1125 1588 supc-

124 1596 219 1653 rioris.
250 1593 380 1673 Ideoque
402 1594 533 1654 abiectos
556 1601 605 1653 aut
627 1594 835 1652 summittentes
856 1610 889 1653 se
913 1592 1037 1654 libenter
1052 1594 1125 1654 alle·

124 1695 240 1753 vamus,
264 1680 330 1757 quia
352 1677 408 1738 hoc
429 1679 530 1739 lacere
545 1685 680 1755 tauquam
695 1678 819 1736 maiores
840 1676 983 1746 videmur;
1006 1686 1123 1756 etquo-

124 1763 198 1821 tiens
214 1761 349 1822 discessit
362 1761 526 1837 aemulatio,
542 1760 673 1822 succedit
685 1760 852 1820 humanitas.
880 1761 919 1820 At
931 1762 979 1840 qni
991 1778 1025 1820 se
1035 1778 1125 1841 supra

125 1845 237 1905 modum
260 1846 389 1922 extollit,
412 1864 547 1924 premere
561 1864 596 1906 ac
611 1845 766 1923 despicere
783 1843 925 1920 creditur,
947 1862 1002 1904 nec
1018 1853 1075 1904 tam
1091 1863 1124 1904 se

86 1931 262 1995 limaiorem
278 1947 361 2008 qnam
382 1933 508 1990 minores
525 1939 641 1990 ceteros
658 1929 767 1988 iacere.
805 1927 875 1988 lude
890 1928 1018 1988 invident
1032 1927 1123 1988 bumi-

124 2014 231 2089 liores,
253 2014 332 2091 (nam
354 2013 410 2073 hoc
430 2015 527 2074 vitium
548 2023 592 2074 est
614 2028 730 2088 eorum,
753 2013 801 2091 qui
821 2031 876 2072 nec
895 2012 1002 2072 cedere
1022 2012 1123 2071 volunt

124 2115 178 2157 nec
196 2106 318 2175 possunt
333 2098 525 2176 contendere)
548 2097 642 2156 rident
658 2097 843 2174 superiores,
866 2095 1028 2174 improbant
1043 2094 1122 2155 boni.

123 2181 295 2257 Plerumque
318 2198 389 2240 vero
406 2179 608 2259 deprehendas
630 2181 823 2256 arrogantium
839 2179 941 2240 lalsam
956 2180 993 2238 de
1010 2197 1043 2240 se
1059 2180 1123 2257 opi·

123 2265 251 2330 uionem;
272 2264 368 2322 sedin
383 2265 461 2323 veris
477 2281 593 2343 qnoque
608 2263 716 2324 suflicit
730 2265 916 2323 conscientia.

207 2345 414 2424 Reprehensos
439 2357 484 2407 est
505 2349 534 2406 in
555 2347 610 2408 bac
627 2356 710 2425 parte
730 2365 788 2406 uon
802 2348 987 2408 mediocriter
1003 2342 1121 2421 Cicero,

124 2447 284 2510 quanquam
296 2431 319 2489 is
329 2430 443 2509 quidem
451 2449 546 2491 rerum
558 2449 574 2491 a
586 2449 618 2491 se
629 2440 776 2508 gestarum
783 2432 874 2491 maior
882 2448 966 2509 quam
981 2429 1121 2507 eloquen-

84 2515 178 2574 18tiae
195 2514 247 2573 fuit
269 2516 296 2573 in
317 2513 494 2575 orationibus
519 2517 618 2592 utique
635 2518 766 2575 iactator.
798 2513 836 2574 Et
858 2515 1029 2593 plerumque
1050 2513 1121 2573 illud

124 2615 239 2676 quoque
255 2615 312 2659 non
326 2601 388 2659 sine
404 2599 499 2678 aliqua
514 2601 626 2659 ratione
642 2599 721 2659 lecit.
744 2598 803 2658 Aut
819 2600 892 2657 enim
907 2598 1040 2658 tuebatur
1056 2613 1121 2672 eos,

123 2681 225 2758 quibus
243 2693 305 2743 erat
321 2684 497 2744 adiutoribus
513 2701 581 2743 usus
597 2685 625 2743 in
640 2683 829 2761 opprimenda
846 2683 1054 2756 coniuratione,
1073 2688 1122 2740 aut

122 2765 318 2842 respondebat
333 2768 471 2835 invidiae;
490 2769 536 2827 cui
553 2776 648 2827 tamen
663 2783 720 2827 nou
735 2766 787 2827 luit
798 2782 851 2844 par
861 2774 996 2826 servatae
1008 2764 1122 2843 patriae
1171 2817 1175 2824 .

123 2863 245 2924 poenam
257 2868 360 2928 passus
376 2851 504 2919 exilium;
521 2850 691 2926 utiliorum,
709 2867 783 2928 quae
800 2859 901 2927 egerat
914 2851 942 2908 in
957 2846 1120 2922 consulatu,

122 2932 259 3010 irequens
272 2936 505 2995 commemoratio
520 2937 614 3013 possit
624 2935 716 2995 videri
730 2951 786 2993 non
801 2933 914 3011 gloriae
929 2934 1020 3009 magis
1036 2949 1121 3010 quam

81 3013 284 3077 19deieusioni
301 3016 375 3077 data.
410 3017 613 3097 Eloquentiam
630 3020 763 3097 quidem,
785 3035 849 3077 cum
865 3017 1061 3095 plenissimam
1079 3014 1120 3074 di·

122 3115 226 3158 versae
243 3101 332 3178 partis
350 3102 499 3161 advocatis
517 3100 708 3177 concederet,
732 3100 786 3161 sibi
803 3119 946 3180 nunquam
961 3101 990 3158 in
1004 3097 1120 3176 agendo

122 3183 274 3243 immodice
289 3185 445 3261 arrogavit.
475 3184 555 3244 lllius
572 3193 637 3245 sunt
653 3186 742 3246 enim:
758 3184 795 3246 st
810 3187 885 3263 quid
903 3193 947 3246 est
960 3184 1075 3262 inpendi
1089 3183 1121 3242 e'n

121 3286 178 3343 me,
199 3266 281 3346 quod
294 3270 391 3329 centio
406 3282 499 3345 quam
513 3271 553 3329 eit
569 3269 722 3347 ecipuum,
740 3279 779 3345 et,
801 3267 867 3342 (lato
882 3269 1005 3348 inpendo
1022 3268 1122 3327 minuc

80 3360 255 3428 toposeum,
275 3353 444 3414 subsidium
459 3353 531 3414 mitt
545 3353 702 3432 dilipcnta'a
718 3354 904 3431 compca-coi.
943 3350 1120 3425 Quinetiam

122 3444 221 3496 contra
238 3436 272 3513 Q.
293 3434 450 3499 Caecilium
469 3436 506 3498 de
527 3446 697 3498 accusatore
715 3439 744 3496 in
765 3436 889 3499 Verrem
907 3432 1118 3501 constituendo,

169 3506 382 3632 Λ
483 3593 487 3599 ,
