2408 3854
354 192 805 259 1usr.0unron.1.1n.x11,1.
1020 182 1081 244 239

79 351 268 429 distringente
284 359 369 428 atque
385 349 443 409 alio
461 343 587 408 duc'ente
602 365 702 424 causa,
719 348 862 426 spectabit
880 349 908 408 id
924 349 1027 424 sotum,
1045 351 1080 410 ad

80 435 157 512 quod
180 436 348 509 accingitur.
387 432 497 506 Quodsi
522 448 658 508 agrorum
679 433 763 491 nimia
786 450 855 492 cura
879 440 909 492 et
928 433 1108 498 sollicitiore

78 520 122 576 rei
144 518 293 577 familiaris
314 517 462 592 diligentia
491 523 520 574 et
540 515 664 574 venandi
685 516 821 594 voluptas
845 526 873 575 et
889 517 948 576 dati
963 527 1078 594 specta·

79 603 151 661 culis
174 603 238 661 dies
260 600 376 660 muitum
400 600 503 673 studiis
523 599 655 657 auserunt
671 600 753 677 (hnic
769 601 842 658 enim
858 602 901 659 rei
917 602 993 678 perit
1008 609 1079 660 tem·

67 705 148 766 pus,
176 686 369 764 quodcunque
392 683 475 742 alteri
491 683 603 761 datur):
628 684 694 760 quid
710 692 841 761 putamus
857 684 983 743 iacturas
1001 686 1079 763 cupi·

77 770 209 843 ditatem,
234 769 396 840 avaritiam,
422 767 574 840 invidiam,
592 784 710 842 quarum
725 769 982 844 impotentissimae
1000 769 1066 844 cogi

76 854 201 911 tationes
218 866 336 910 somnos
359 852 443 909 etiam
469 859 498 908 et
516 849 565 908 illa
588 867 642 926 per
661 852 787 927 quietem
806 854 868 910 visa
886 849 1079 929 perturbant?

76 935 153 994 Nihil
170 944 215 994 est
241 935 316 994 enim
331 943 388 993 tam
405 942 592 1012 occupatum,
616 942 672 992 tam
697 934 888 1010 multiforme,
912 945 955 995 tot
971 954 1006 997 ac
1023 945 1108 1002 tamn

76 1020 163 1078 variis
180 1018 332 1078 affectibus
351 1020 498 1078 concisum
519 1026 605 1094 atque
624 1018 781 1077 laceratum
797 1037 881 1097 qnam
895 1020 970 1079 mala
987 1039 1078 1080 mens.

75 1101 147 1161 Nam
173 1112 287 1162 etcum
309 1103 474 1162 insidiatur:
500 1119 570 1180 spe,
595 1103 687 1176 curis,
711 1101 812 1161 labore
828 1104 1021 1179 distringitur;
1051 1114 1080 1162 et

76 1188 130 1244 iam
161 1204 224 1244 cum
248 1186 371 1246 sceleris
398 1202 520 1262 compos
545 1185 612 1244 luit:
647 1184 859 1260 sollicitudine,
888 1189 1078 1263 poenitentia,

78 1286 235 1347 poenarum
258 1272 382 1329 omnium
407 1270 614 1349 expectatione
633 1277 793 1347 torquetur.
830 1268 901 1342 Quis
916 1273 991 1328 inter
1006 1271 1079 1331 haec

77 1354 181 1412 litteris
200 1363 247 1412 aut
262 1353 314 1412 ulli
336 1353 430 1413 bonae
451 1355 504 1422 arti
520 1350 626 1412 locus?
657 1352 723 1412 Non
743 1352 863 1412 hercule
884 1356 975 1430 magis
995 1372 1079 1432 quam

76 1437 208 1513 frugibus
224 1439 252 1494 in
270 1446 348 1495 terra
370 1437 499 1496 sentibus
521 1455 556 1497 ac
570 1436 649 1495 rubis
672 1446 824 1514 occupata.
864 1437 946 1514 Age,
969 1455 1026 1497 non
1043 1437 1107 1498 ad8

76 1521 269 1598 perferendos
291 1521 449 1580 studiorum
471 1519 588 1579 labores
608 1522 776 1580 necessaria
799 1520 971 1599 frugalitas?
1003 1521 1078 1595 Quid

76 1606 164 1680 igitur
185 1623 222 1664 ex
244 1604 362 1663 libidine
379 1621 414 1662 ac
434 1603 545 1662 luxuria
568 1601 652 1681 spei?
685 1604 751 1663 Non
773 1608 931 1683 praecipue
952 1609 1028 1666 acuit
1043 1606 1078 1664 ad

78 1687 261 1765 cupiditatem
285 1687 442 1746 litterarum
467 1703 548 1745 amor
571 1686 686 1745 laudis?
719 1687 792 1746 Num
808 1690 894 1764 igitur
910 1691 992 1749 malis
1011 1707 1078 1748 esse

77 1771 190 1830 laudem
208 1789 295 1830 curae
311 1767 463 1848 putamus?
501 1769 560 1828 lam
575 1769 633 1829 boc
650 1772 714 1848 quis
734 1787 791 1829 non
812 1772 905 1845 videt,
928 1774 1078 1831 maximam

76 1864 188 1932 partem
210 1856 347 1914 orationis
369 1856 397 1913 in
415 1862 537 1913 tractatu
559 1856 644 1932 aequi
665 1854 792 1932 bonique
809 1853 992 1913 consistere?
1028 1855 1077 1914 Di·

77 1948 162 1997 cetue
174 1939 211 1997 de
227 1939 270 1997 bis
284 1938 440 1997 secundum
453 1937 577 1997 debitam
591 1957 687 1997 rerum
703 1938 868 2016 dignitatem
884 1938 976 1997 malus
990 1948 1077 2016 atque

77 2019 212 2099 iniquus?
244 2021 389 2099 Denique,
407 2031 436 2080 ut
453 2022 602 2081 maximam
618 2031 730 2099 partem
749 2023 928 2100 quaestionis
945 2024 1106 2095 eximam‚9

77 2106 194 2181 demus,
211 2107 239 2165 id
256 2106 333 2183 quod
349 2107 428 2166 nullo
444 2106 529 2165 modo
545 2107 607 2165 lueri
621 2115 735 2185 potest,
754 2107 829 2165 idem
845 2107 962 2182 ingenii,
981 2106 1076 2179 studii,

77 2191 242 2265 doctrinae,
266 2191 394 2269 pessimo
418 2200 504 2267 atque
529 2193 637 2269 optimo
658 2191 738 2249 viro:
766 2198 831 2248 uter
845 2191 950 2250 melior
965 2191 1078 2250 dicetur

76 2271 195 2334 orator?
230 2273 367 2333 Nimirum
390 2275 438 2353 qui
460 2274 546 2332 bomo
563 2291 680 2352 quoque
698 2274 810 2333 melior.
844 2274 910 2332 Non
926 2276 1012 2352 igitur
1027 2293 1077 2332 un·

76 2377 160 2436 quam
176 2358 269 2417 malus
284 2358 359 2417 idem
375 2359 461 2417 bomo
479 2367 507 2417 et
528 2359 678 2435 perlectus
694 2368 803 2418 orator.
840 2357 906 2416 Non
923 2359 997 2417 enim
1012 2369 1121 2436 per-10

75 2443 182 2501 lectum
203 2451 248 2500 est
266 2443 436 2520 quidquam,
458 2459 514 2518 quo
536 2443 638 2502 melius
658 2451 704 2501 cst
722 2442 808 2501 aliud.
841 2442 917 2516 Sed,
942 2459 1074 2500 nemore

76 2526 291 2584 Socraticorum
306 2525 451 2584 nobismet
467 2527 522 2605 ipsi
539 2543 710 2603 responsum
726 2525 845 2583 linxisse
860 2524 1023 2598 videamur,
1041 2526 1078 2583 sit

75 2609 178 2685 aliquis
200 2606 274 2666 adeo
300 2617 400 2667 contra
421 2611 573 2667 veritatem
595 2608 773 2681 obstinatus,
797 2617 829 2665 ut
844 2607 949 2667 audeat
964 2608 1075 2681 dicere,

76 2692 179 2751 eodem
194 2691 328 2767 ingenio,
346 2692 457 2764 studio,
474 2691 605 2751 doctrina
619 2691 779 2770 praeditum
794 2690 883 2749 nihilo
900 2691 1076 2751 deteriorem

74 2776 199 2835 lutrarum
218 2783 364 2833 oratorem
383 2774 487 2833 malum
503 2776 595 2834 virum
618 2792 702 2852 quam
722 2774 843 2833 bonum:
872 2776 1075 2834 convincamus

74 2861 157 2920 buius
184 2875 301 2938 qnoque
328 2859 488 2917 amentiam.
526 2857 597 2918 Nam
623 2859 681 2918 hoc
708 2867 789 2918 certe
817 2875 902 2918 nemo
927 2859 1076 2935 dubitabit,
1087 2871 1117 2922 ll

75 2960 186 3004 omnem
203 2944 362 3001 orationem
378 2943 406 3001 id
422 2959 523 3018 agere,
538 2952 570 3000 ut
585 2942 683 3015 iudici,
699 2959 774 3020 quae
790 2944 942 3022 proposita
957 2943 1074 3018 fuerint,

74 3046 144 3087 vera
165 3036 194 3086 et
216 3027 337 3086 honesta
356 3026 516 3086 videantur.
547 3025 646 3086 Utrum
668 3027 755 3101 igitur
778 3025 835 3086 hoc
852 3027 965 3086 iacilius
981 3027 1074 3087 bonus

46 3124 61 3134 “
73 3114 118 3169 vir
134 3110 320 3187 persuadebit
336 3128 370 3169 an
387 3107 502 3169 malus?
533 3110 629 3169 Bonus
645 3110 760 3187 quidem
777 3111 854 3171 dicet
869 3113 987 3188 saepius
1003 3128 1073 3169 vera

75 3203 160 3270 atque
187 3194 319 3253 honesta.
351 3193 410 3253 Sed
433 3195 564 3254 etiamsi
592 3195 705 3272 quaudo
728 3195 825 3274 aliquo
850 3196 952 3255 ductus
975 3194 1116 3255 officium

76 3276 170 3356 (quod
186 3277 338 3352 accidere,
353 3288 384 3346 ut
401 3295 468 3337 mox
484 3278 668 3352 docebimus,
686 3281 799 3357 potest)
816 3278 892 3338 ialso
908 3277 982 3336 baec
998 3277 1073 3335 aidr-

74 3378 153 3420 mare
177 3359 342 3420 conabitur:
364 3362 472 3420 maiore
494 3381 557 3422 cum
576 3362 632 3421 lide
649 3379 773 3421 necesse
796 3371 842 3420 est
865 3361 1003 3420 audiatur.
1035 3360 1074 3420 At

74 3445 155 3502 malis
177 3443 338 3502 bominibus
361 3461 398 3503 ex
422 3454 587 3523 contemptu
612 3446 754 3522 opinionis
777 3446 1089 3518 etignorann'xareux‘x
