2408 3854
337 193 774 262 1usu.onaron.u113.x1,3.
1003 182 1064 244 229

67 354 179 433 legere.
209 351 339 432 Namque
354 354 384 412 in
399 352 444 412 bis
456 351 587 412 omnibus
604 359 633 410 et
647 329 691 410 ris
707 349 756 410 illa
772 350 887 411 dicendi
902 349 1125 431 soluituret13³

67 439 199 514 frigescit
220 437 342 497 affectus
360 445 390 496 et
413 437 501 497 iudex
522 452 622 514 parum
639 434 695 493 sibi
718 435 861 512 praestari
880 435 1082 494 reverentiae

67 521 169 581 credit.
207 519 343 580 Transire
369 521 398 579 in
423 520 539 580 diversa
563 517 717 595 subsellia,
744 535 843 596 parum
868 518 1065 578 verecundum

67 613 120 664 est.
153 602 227 664 Nam
247 613 277 664 et
297 601 416 663 Cassius
438 604 566 663 Severus
587 602 697 663 urbane
721 602 861 662 adversus
884 601 941 662 boc
956 600 1065 661 lacien-

64 697 122 748 tem
138 688 230 759 lineas
245 688 391 766 poposcit.
418 685 456 746 ltr
470 687 495 746 si
509 685 663 765 aliquando
679 686 823 746 concitate
837 687 907 746 itur:
924 703 1066 764 nunquam

64 789 122 832 non
137 771 241 847 frigide
256 771 375 830 reditur.
403 769 522 830 llloltum
537 788 575 829 ex
589 770 635 846 iis,
651 788 727 849 quae
742 770 948 849 praecipimus,
965 769 1066 829 mutari
1074 771 1124 826 134

64 871 190 915 necesse
207 863 253 914 εει
273 854 379 930 abiis,
402 856 450 933 qui
471 854 568 914 dicunt
582 853 658 931 apud
672 849 835 915 tribunalia.
867 852 940 914 Nam
958 862 986 913 et
1003 852 1064 914 vul·

65 947 111 998 tus
127 938 270 1014 erectior,
286 947 317 998 ut
332 954 413 1014 eum,
431 937 507 1016 apud
523 954 608 1016 quem
625 937 742 1013 dicitur,
758 947 889 1016 spectet;
907 946 936 998 et
950 945 1064 1015 gestus,

63 1032 94 1081 ut
109 1021 145 1082 ad
163 1021 285 1082 eundern
299 1021 438 1097 tendens,
455 1021 560 1081 elatior
574 1021 625 1097 sit,
642 1038 766 1080 necesse
783 1030 842 1088 est;
859 1030 889 1082 ει
904 1021 971 1094 alia,
990 1038 1065 1100 quae

66 1123 223 1165 occurrere
245 1106 330 1166 etiarn
354 1123 399 1165 me
421 1113 538 1165 tacente
561 1103 693 1164 omnibus
714 1113 845 1182 possunt.
876 1103 1008 1184 Itemque
1029 1103 1065 1164 ab

63 1191 115 1265 fis,
140 1190 188 1268 qui
209 1189 348 1250 sedentes
372 1198 468 1267 agent.
492 1186 571 1250 *Nam
587 1197 618 1248 et
632 1190 695 1248 iere
711 1188 742 1248 lit
755 1189 812 1249 boc
826 1190 855 1248 in
869 1188 959 1248 rebus
976 1189 1065 1246 mino-

65 1272 160 1348 ribus,
183 1282 212 1331 et
226 1273 315 1333 iidem
332 1274 457 1352 impetus
473 1273 596 1333 actionis
612 1290 680 1332 esse
696 1291 754 1332 uon
769 1282 907 1351 possunt,
931 1281 960 1331 et
976 1289 1064 1351 qnae·

64 1357 128 1417 dam
143 1357 212 1415 vitia
228 1356 297 1416 liunt
310 1357 488 1418 necessaria.
512 1354 584 1418 Nam
599 1366 628 1417 et
645 1356 749 1417 dexter
762 1375 817 1436 pes
833 1376 849 1417 a
865 1356 949 1417 laeva
965 1355 1123 1416 iudicisltt

64 1439 178 1499 sedenti
195 1440 388 1517 proferendus
409 1450 470 1517 est,
495 1450 524 1500 et
541 1458 579 1500 ex
596 1440 687 1501 altera
703 1451 786 1520 parte
801 1441 881 1500 multi
897 1449 999 1518 gestus
1014 1456 1064 1497 ne·
1152 1494 1154 1499 .

65 1540 151 1583 cesse
169 1531 215 1581 est
230 1524 258 1583 iu
278 1525 421 1584 sinistrum
438 1534 519 1600 eant,
542 1533 572 1583 ut
596 1525 632 1585 ad
654 1524 777 1584 iudicem
799 1532 944 1603 spectent.
976 1521 1064 1601 liqui·

64 1607 129 1667 dem
149 1606 309 1685 plerosque
332 1608 417 1668 etad
439 1607 566 1684 singulas
588 1609 794 1668 sententiarum
817 1607 962 1669 clausulas
976 1606 1064 1667 rideo

64 1699 252 1768 assurgentes
276 1700 306 1750 et
328 1691 482 1750 nonnullos
509 1689 632 1750 subinde
653 1691 760 1770 aliquid
784 1693 870 1752 etiam
892 1691 1063 1768 spatiantes,

64 1774 141 1853 quod
158 1791 192 1832 an
211 1774 332 1851 deceat,
353 1775 410 1853 ipsi
424 1774 563 1842 uiderint;
588 1791 652 1833 cum
667 1773 696 1834 id
712 1774 832 1851 iaciunt,
853 1773 1064 1833 consedentes

63 1866 159 1932 agunt.
197 1856 304 1917 Bibere
325 1859 480 1917 autetiam
501 1858 568 1916 esse
593 1856 849 1934 interagendum,
871 1857 949 1937 quod
971 1855 1123 1918 multis136

63 1940 150 1998 moris
176 1939 229 1999 fuit
247 1950 277 1999 et
298 1950 343 2000 est
364 1940 550 2021 quibusdem,
572 1939 609 2000 ab
634 1949 751 2000 oratore
772 1958 837 2001 meo
859 1940 962 2018 procul
978 1939 1064 2000 absit.

62 2022 134 2082 Nam
150 2025 174 2082 si
190 2025 254 2102 quis
272 2024 357 2084 aliter·
372 2025 486 2084 dicendi
501 2041 592 2084 onera
607 2024 743 2102 perferre
758 2040 816 2084 non
830 2024 935 2103 possit,
954 2038 1011 2082 nou
1026 2025 1064 2083 ita

61 2108 197 2166 miserum
215 2117 334 2168 estnon
356 2123 447 2185 agere
468 2109 624 2186 potiusque
645 2108 735 2168 multo
757 2126 842 2187 quam
864 2117 893 2169 ει
915 2107 1015 2186 operis
1036 2115 1066 2166 et

62 2191 206 2250 hominnm
222 2200 417 2271 contemptum
433 2192 528 2253 fateri.

148 2271 280 2335 Cultus
303 2293 360 2336 non
381 2285 426 2336 est
447 2276 584 2354 proprius
599 2278 722 2337 oratoris
740 2276 843 2355 aliquis
858 2277 912 2337 sed
929 2275 1021 2351 magis
1036 2275 1122 2332 inldl

62 2367 179 2418 oratore
203 2362 389 2438 conspicitur.
426 2358 524 2433 Quare
541 2361 594 2435 sit,
618 2369 649 2421 ut
672 2359 954 2421 omnibus-honestis
975 2358 1064 2419 debet

62 2459 146 2517 esse,
163 2441 332 2519 splendidus
348 2453 377 2504 et
392 2444 494 2506 virilis.
526 2442 599 2504 Nam
616 2454 646 2504 et
660 2454 730 2522 toga
747 2452 776 2504 et
793 2443 911 2504 calceus
928 2451 957 2501 et
973 2441 1063 2519 capil-

62 2526 107 2584 lus
134 2535 191 2584 tam
215 2527 298 2586 nimia
326 2544 396 2587 eura
414 2544 498 2605 quam
522 2528 701 2605 negligentia
725 2535 790 2586 suut
809 2525 1062 2605 reprehendenda.

62 2606 115 2666 Est
130 2606 238 2685 aliquid
252 2611 280 2667 in
296 2611 411 2686 amictu,
429 2611 506 2689 quod
521 2612 614 2689 ipsum
626 2610 807 2690 aliquatenus
818 2618 981 2687 temporum
994 2623 1062 2666 con·
1078 2675 1080 2681 ,

55 2691 178 2772 'dicione
198 2701 333 2753 mutatum
355 2702 410 2752 est.
445 2690 517 2753 Nam
540 2693 690 2753 veteribus
710 2692 781 2753 nulli
804 2692 899 2767 sinus,
922 2706 1063 2770 perquam

61 2774 169 2833 breves
191 2784 259 2852 post
278 2775 346 2835 illos
365 2777 491 2836 fuerunt.
528 2775 629 2855 ltaque
651 2777 736 2837 etiam
758 2785 845 2854 gestu
866 2793 992 2836 necesse
1018 2780 1121 2835 estldb

61 2875 131 2918 usos
158 2876 227 2919 esse
250 2861 278 2919 in
301 2861 449 2938 principiis
473 2876 526 2919 eos
553 2859 628 2938 ulio,
655 2877 775 2940 quorum
798 2859 962 2935 brachium,
988 2862 1062 2919 sicut

62 2940 255 3019 Graecorum,
282 2953 366 3004 veste
395 2943 604 3004 continebatur.
640 2945 699 3004 Sed
722 2961 777 3004 nos
799 2944 836 3005 de
858 2944 1062 3024 praesentibus

61 3024 213 3101 loquimur.
249 3024 303 3087 Gui
318 3028 368 3088 lati
383 3028 458 3089 clari
473 3029 517 3087 ius
532 3044 590 3088 non
605 3029 670 3104 erit,
688 3029 726 3088 ita
743 3029 883 3105 cingatur,
899 3038 930 3089 ut
948 3023 1062 3088 tunicae

62 3107 207 3184 prioribus
231 3113 291 3170 oris
306 3111 379 3172 inira
394 3129 488 3189 genua
505 3112 636 3190 paulum,
660 3112 872 3191 posterioribus
892 3112 929 3173 ad
947 3112 1061 3171 medios

61 3192 189 3268 poplites
209 3211 302 3273 usque
322 3198 502 3273 perveniant.
535 3194 608 3257 Nam
630 3196 704 3256 inira
722 3193 872 3256 mulierum
889 3205 949 3271 est,
973 3211 1061 3270 supra

61 3278 272 3342 centurionum.
304 3277 342 3338 Ut
363 3296 489 3358 purpura
512 3289 594 3341 recte
617 3280 793 3357 descendat,
819 3280 1120 3345 leviscuraest;139

61 3367 175 3418 notator
200 3363 312 3420 interim
330 3361 518 3439 negligentia.
550 3361 649 3424 batum
676 3363 841 3424 habentium
868 3362 980 3422 olavum
999 3377 1059 3420 mo·
1139 3417 1141 3421 ,

60 3441 113 3501 dus
131 3451 191 3520 est,
216 3452 245 3503 ut
266 3446 304 3505 sit
319 3444 434 3524 paulum
450 3446 551 3506 cinctis
569 3448 756 3508 summissior.
789 3444 888 3526 Ipsam
899 3455 1069 3519 togamro·
1147 3488 1150 3490 .
