2408 3854
342 188 431 238 nrsr.
456 188 605 238 causon.
628 188 698 235 nnn.
712 188 765 254 x1,
781 185 810 239 s.
965 208 968 215 ·
997 152 1058 240 225

10 372 14 377 ·
56 365 113 407 sex
129 354 227 425 partes
242 343 363 419 habeat,
386 345 525 421 septimus
546 345 583 403 sit
603 344 672 418 illc,
695 347 742 421 qui
758 348 786 404 in
802 364 835 406 se
849 344 942 421 redit,
965 344 1058 414 orbis;

57 432 163 492 uitiosa
178 438 223 488 est
234 447 289 488 una
305 429 522 488 circumversio.
552 425 669 505 Reliqui
684 436 750 487 ante
766 447 820 488 nos
836 437 866 488 et
880 429 984 506 dextra
1000 429 1059 490 lae-

57 531 153 594 vaque
171 521 201 572 et
217 529 331 571 sursum
344 520 374 572 et
388 511 524 572 deorsum
539 511 648 589 aliquid
662 513 832 581 ostendunt;
850 513 879 571 in
894 515 1061 590 posteriora

10 618 16 625 ·
56 607 160 676 gestus
172 614 229 656 uon
241 595 380 672 dirigitur.
410 594 527 655 Interim
539 603 634 654 tamen
644 595 725 655 velut
736 598 819 657 reiici
831 595 918 655 solet.
945 594 1059 674 Optime
1069 613 1119 668 105

57 690 153 741 autem
168 698 267 740 manus
285 697 302 738 a
315 678 431 739 sinistra
446 687 530 757 parte
545 679 661 756 incipit,
679 681 708 737 in
723 680 826 741 dextra
842 681 977 758 deponit,
1005 681 1060 740 sed

58 774 88 824 nt
109 781 221 842 ponere
242 779 300 822 non
320 770 351 821 ut
372 762 461 823 ferire
478 761 623 829 videatur;
647 779 811 843 quanquam
834 771 864 824 et
888 764 918 822 in
941 764 997 824 line
1018 767 1059 823 in·

59 849 143 907 terim
162 846 252 922 cadit,
272 855 301 905 ut
317 847 375 905 cito
391 855 488 906 tannen
501 844 618 921 redeat,
639 854 670 905 et
685 864 888 926 nonnunquam
902 848 997 907 resilit
1012 849 1060 908 vel

57 930 231 1008 negantibus
246 928 330 991 nobis
344 929 394 989 vel
412 927 626 990 admirantibus.

141 1013 196 1074 Hie
216 1021 335 1074 veteres
355 1013 482 1073 artilices
504 1012 574 1073 illud
595 1021 678 1072 recte
701 1014 885 1091 adiecerunt,
909 1025 940 1075 ut
962 1033 1061 1076 manus

59 1116 123 1159 cunr
144 1115 233 1157 seusu
257 1106 287 1156 et
310 1098 454 1175 inciperet
475 1106 505 1158 et
531 1097 739 1175 deponeretur.
777 1097 897 1177 Alioqui
917 1101 991 1159 enim
1014 1111 1062 1159 aut

58 1191 124 1242 ante
139 1198 245 1243 vocem
261 1183 313 1240 erit
329 1189 432 1258 gestus
449 1189 497 1240 aut
516 1189 583 1258 post
601 1197 722 1256 uocem,
745 1182 824 1260 quod
844 1190 890 1242 est
911 1191 1062 1260 utrumque

56 1266 199 1326 delorme.
235 1264 268 1326 ln
284 1265 335 1326 illo
352 1264 429 1343 lapsi
445 1266 530 1325 nimia
545 1263 703 1325 subtilitate
718 1273 800 1342 sunt,
827 1266 905 1346 quod
924 1268 1121 1335 interval-107

58 1349 117 1410 ium
131 1358 225 1409 motus
240 1351 294 1408 tria
309 1347 400 1409 verba
414 1367 484 1409 esee
499 1348 667 1416 voluerunt;
684 1349 762 1427 quod
777 1367 874 1427 neque
891 1350 1065 1410 observatur

57 1451 154 1510 neque
171 1431 235 1491 lieri
251 1440 366 1511 potest,
390 1432 443 1493 sed
458 1432 500 1493 illi
516 1435 599 1511 quasi
612 1451 778 1493 mensuram
793 1434 935 1494 tarditatis
958 1434 1063 1495 celeri·

58 1518 183 1594 tatisque
200 1515 324 1593 aliquam
340 1533 409 1578 esse
420 1516 592 1591 voluerunt,
608 1535 704 1596 neque
721 1518 880 1594 immerito,
897 1537 933 1577 ne
953 1526 1001 1578 ant
1016 1519 1063 1578 diu

60 1602 154 1660 otiosa
171 1607 251 1658 esset
265 1616 365 1661 manuus
384 1606 449 1672 aut,
471 1599 549 1677 quod
566 1599 646 1659 multi
659 1600 784 1676 iaciunt,
808 1604 952 1662 actionem
972 1605 1062 1662 eonti-

59 1701 115 1743 nuo
133 1692 213 1743 motu
235 1681 414 1742 concideret.
447 1680 534 1742 Aliud
556 1691 615 1758 est,
638 1684 715 1760 quod
736 1693 765 1742 et
783 1684 813 1742 lit
835 1685 1015 1762 frequentius
1034 1696 1063 1744 ει
1072 1697 1123 1750 108

60 1769 150 1843 magis
163 1766 250 1833 fallu,
273 1766 346 1825 Sunt
360 1764 501 1843 quaedam
513 1764 638 1825 latentes
653 1769 797 1826 sermonis
814 1770 1022 1844 percussiones
1035 1779 1065 1827 et

59 1851 143 1929 quasi
162 1849 251 1927 aliqui
267 1848 375 1926 pedes,
399 1847 434 1908 ad
451 1865 524 1925 quos
540 1849 728 1926 plurimorum
742 1860 846 1926 gestus
862 1851 955 1926 cadit,
980 1860 1010 1910 ut
1027 1852 1064 1911 sit

59 1951 132 1993 unus
158 1940 252 1992 motus
274 1930 393 1992 Nouum
417 1933 548 2009 crimea,
579 1932 654 1993 alter
677 1931 709 1994 0.
733 1931 870 2011 Cacsar,
900 1937 1002 1993 tertius
1025 1932 1066 1995 tu

59 2025 132 2079 cute
145 2017 226 2077 douc
242 2018 342 2092 dicu,
359 2023 477 2094 quartus
493 2013 560 2077 Nou
575 2018 729 2094 ceddum,
752 2017 857 2077 deinde
873 2017 1065 2097 Propinquus

59 2120 162 2176 meus,
186 2109 215 2160 ει
229 2097 280 2162 Aa
294 2109 339 2176 te,
363 2107 392 2158 et
409 2095 538 2172 Quintus
563 2099 700 2177 Tubero,
723 2110 753 2160 et
769 2100 894 2164 Detulit.
935 2101 1018 2162 Unde
1038 2102 1124 2169 idroo
1159 2104 1164 2112 ’

60 2201 177 2263 quoque
194 2183 255 2244 lluit
266 2184 380 2259 vitium,
405 2192 436 2243 ut
449 2184 588 2260 iuvenes,
607 2201 671 2245 cum
686 2179 830 2261 scribunt,
851 2196 965 2263 gestum
980 2203 1064 2264 prae·

60 2268 197 2328 modulati
215 2268 393 2345 cogitatione
411 2268 456 2326 sic
472 2277 662 2346 componant,
681 2269 828 2348 quomodo
847 2288 949 2330 casura
966 2286 1067 2329 manus

61 2361 115 2412 est.
145 2350 215 2411 lnde
237 2361 266 2412 et
286 2351 359 2412 illud
375 2351 490 2427 vitium,
512 2361 543 2411 ut
556 2363 676 2429 gestus,
700 2356 792 2433 quiin
808 2353 865 2414 line
881 2354 984 2415 dexter
999 2371 1067 2413 esse

61 2435 171 2510 debet,
193 2437 221 2494 in
242 2435 388 2495 sinistrum
410 2435 581 2514 frequenter
601 2437 724 2496 desinat.
757 2436 863 2497 illelius
886 2438 974 2513 illud,
1003 2449 1126 2500 curallo

61 2520 118 2578 sint
133 2520 161 2576 in
176 2534 312 2578 sermone
333 2520 409 2577 omni
425 2517 527 2578 brevia
543 2519 685 2598 quaedam
705 2518 851 2597 membra,
873 2521 909 2581 ad
925 2538 1018 2599 quae,
1042 2522 1074 2578 si.

62 2618 188 2661 necesse
205 2602 258 2676 sit,
276 2602 413 2679 recipere
427 2602 560 2678 spiritum
574 2602 680 2678 liceat,
696 2602 732 2662 ad
749 2602 824 2663 haec
838 2612 952 2680 gestum
968 2603 1066 2680 dispo·

62 2703 149 2743 nere:
179 2693 210 2744 ut
230 2692 299 2762 puta
320 2680 439 2745 Novum
462 2685 596 2760 crimea,
624 2683 657 2747 0.
682 2685 821 2763 Ouarar,
847 2686 936 2747 habet
958 2703 1013 2765 per
1035 2704 1067 2746 se
1180 2683 1186 2692 ’

63 2769 149 2828 finem
170 2767 313 2847 quendam
333 2784 432 2844 sunm,
459 2768 525 2845 quia
546 2771 676 2847 seqnitur
697 2771 877 2838 coniunctim
902 2770 1008 2832 deinde
1028 2767 1069 2832 Et

62 2859 134 2914 cute
153 2852 235 2914 Ιιαιιε
250 2853 332 2914 dicus
345 2870 407 2912 rtou
422 2853 564 2914 auditum
580 2854 650 2915 satis
666 2854 915 2933 circumscriptum
931 2863 985 2914 est.
1022 2853 1068 2914 Ad

63 2934 138 2995 haec
153 2936 398 2997 accommodanda
410 2953 510 2999 monus
526 2945 581 3013 est,
597 2935 685 3013 idque
695 2935 761 2996 dum
777 2939 832 2998 erit
842 2941 933 3017 prima
950 2948 980 2998 et
993 2956 1069 2999 oom-
1166 3008 1169 3011 ,

65 3020 160 3097 posita
181 3021 268 3080 actio.
304 3021 344 3082 Ar
367 3020 415 3081 ubi
438 3038 501 3080 eam
524 3021 606 3080 calor
626 3022 833 3083 concitaverit:
858 3025 943 3086 etiarn
966 3031 1126 3099 gestuslll

66 3120 131 3162 cum
151 3102 215 3180 ipsa
237 3106 376 3166 orationis
398 3104 552 3165 celeritate
575 3104 755 3165 crebrescet.
778 3105 869 3166 -Aliis
886 3106 960 3166 locis
981 3108 1068 3165 citata

66 3186 130 3245 aliis
146 3203 250 3263 pressa
268 3188 421 3249 conveniet
436 3189 639 3266 pronuntiatio.
672 3188 725 3249 llla
741 3193 980 3263 transcurrimus,
998 3204 1054 3247 con

66 3271 212 3348 gerimus,
236 3270 421 3340 festinamus;
444 3270 500 3332 hae
515 3274 669 3348 instamus,
693 3274 889 3349 inculcamus,
913 3271 1065 3347 infigimus.

64 3354 132 3414 Plus
145 3363 241 3414 autem
257 3355 378 3415 allectus
390 3354 498 3416 habent
508 3357 648 3425 lentiora;
664 3357 790 3435 ideoque
802 3356 926 3416 Roscius
943 3355 1067 3428 citatior,

65 3438 203 3516 Aesopus
229 3441 347 3516 gravior
369 3439 439 3516 luit,
468 3441 546 3518 quod
568 3441 620 3500 ille
642 3440 812 3500 comoedias
832 3440 885 3498 laio
901 3436 1090 3509 tragoediae
1141 3465 1146 3471 -

108 3542 138 3606 ru.
150 3542 173 3578 s.
188 3543 300 3592 curuare.
313 3528 346 3583 ll.
896 3519 943 3576 ᾖ)
