2408 3854
317 195 322 206 ·
379 185 468 235 rursu.
481 185 630 234 onuuon.
644 187 713 234 ure.
726 187 759 253 x,
771 183 798 236 3.
1031 179 1089 240 175

84 341 214 420 Namque
237 340 302 416 illa,
317 356 401 418 -quae
423 342 484 419 ipsa
506 340 669 416 delectant,
693 359 819 402 neeesse
843 351 889 403 est
907 354 1033 406 avocent
1053 344 1090 406 ab

85 427 244 485 intentione
262 426 360 503 operis
377 423 518 484 destinati.
546 424 649 503 Neque
665 426 739 484 euim
755 443 788 484 se
802 425 984 486 bonalldeiu
1002 428 1089 490 multa

84 509 166 568 simul
182 509 333 568 intendere
350 509 458 567 animus
476 516 565 568 totum
580 517 693 587 potest,
712 517 741 568 et
755 518 930 588 quocunque
947 514 1089 590 respexit.

84 592 188 652 desinit
207 592 311 651 intueri
329 591 407 669 quod
422 593 603 670 propositum
620 601 691 653 erat.
725 591 822 666 Quare
841 594 976 654 silvarum
992 609 1131 660 amoc-24

82 678 156 735 uitas
172 685 202 735 et
216 673 460 754 praeterlabentia
476 675 590 736 llumiuu
613 686 643 736 et
661 678 835 755 inspirantes
851 680 937 738 ramis
953 678 1088 739 arboruru

82 778 171 819 aurae
185 760 396 836 volueruntque
415 768 515 819 cautus
531 768 560 818 et
581 761 645 838 ipsa
664 760 722 820 late
738 762 988 840 circumspiciendi
1001 759 1087 822 liber·

82 853 126 902 tas
147 843 184 902 ad
198 862 231 902 se
248 842 377 910 trabunt:
398 851 428 902 ut
449 842 516 902 mibi
540 845 686 903 remittere
702 845 798 921 potius
815 845 951 923 voluptas
970 848 1025 906 ista
1046 849 1087 905 vi·

83 927 185 988 deutur
206 927 412 1004 cogitationem
434 944 517 1004 quem
542 927 702 987 intendere.
738 925 952 989 Demosthenes
974 929 1130 1005 meliosus
1193 982 1195 989 ,

83 1012 131 1088 qui
146 1028 180 1070 se
195 1012 223 1070 in
239 1011 351 1085 locum,
375 1028 413 1070 ex
429 1028 487 1088 quo
503 1010 580 1071 nullu
597 1011 725 1071 exaudiri
749 1029 808 1070 vox
831 1020 860 1071 et
882 1031 919 1072 ex
937 1031 997 1091 quo
1018 1013 1087 1074 nibil

81 1096 211 1173 prospici
226 1103 339 1172 posset,
355 1093 543 1170 recondebat,
560 1113 597 1154 ne
615 1095 691 1154 aliud
707 1112 797 1171 agere
809 1106 933 1156 mentem
945 1106 1087 1173 cogerent

81 1177 169 1238 oculi.
200 1177 332 1256 Ideoque
347 1176 532 1238 lucubrantes
546 1179 690 1239 silentium
705 1180 799 1238 noctis
811 1188 845 1239 et
863 1179 991 1240 clausum
1007 1181 1086 1240 cubi·

81 1261 174 1321 euluru
193 1271 222 1320 et
239 1262 334 1321 lumen
349 1280 434 1321 uucur
449 1261 529 1322 velut
550 1269 646 1322 tectos
664 1264 787 1323 maxime
803 1270 909 1323 teneat.
946 1263 1005 1323 Sed
1025 1275 1131 1328 cuneo

80 1347 108 1403 in
124 1346 200 1404 omui
215 1345 372 1404 studiomm
393 1363 504 1422 genere
530 1354 588 1406 tum
608 1347 636 1405 iu
657 1347 713 1407 boe
734 1348 894 1425 praecipue
915 1346 990 1407 bona
1005 1348 1085 1407 valc-

80 1428 168 1503 tudo,
192 1446 327 1507 quaeque
350 1446 413 1488 eam
427 1432 549 1491 maxime
567 1439 710 1509 praestat,
734 1430 902 1506 frugalitas,
918 1433 1085 1491 necessaria

81 1520 143 1579 est;
161 1529 224 1571 cum
240 1522 372 1592 tempora
387 1512 422 1573 ab
438 1515 501 1592 ipsa
518 1530 614 1573 rerum
630 1523 729 1574 natura
746 1513 781 1573 ad
802 1516 929 1591 quietern
946 1515 1085 1575 releetio-

79 1612 204 1674 nemque
218 1596 302 1655 uobis
323 1597 388 1657 data
410 1600 438 1657 iu
458 1599 626 1657 acerrimum
641 1595 771 1657 laborem
797 1599 1000 1658 convertimus.
1033 1597 1085 1659 Cui

79 1687 175 1739 tamen
190 1695 247 1738 uon
262 1679 327 1757 plus
342 1680 527 1757 irrogandum
549 1688 594 1739 est
611 1697 696 1757 quam
712 1681 788 1758 quod
804 1698 905 1741 sourno
928 1685 1083 1761 supererit,

79 1761 154 1821 baud
167 1762 269 1822 deerit.
298 1761 401 1824 Obstat
416 1765 490 1823 euim
502 1763 669 1840 diligentiae
681 1763 826 1823 scribendi
845 1766 929 1824 etiarn
943 1765 1126 1842 fatigatique

80 1854 110 1904 et
126 1845 254 1922 abunde,
272 1847 297 1904 si
313 1856 415 1922 vacet,
432 1847 505 1907 lucis
520 1848 612 1924 spatia
628 1847 790 1922 sufficiunt,
811 1857 972 1926 occupatos
988 1849 1016 1907 in
1032 1865 1083 1907 uo·

80 1938 155 1989 etem
167 1930 328 2010 necessitas
344 1930 413 2006 agit.
444 1929 498 1990 Est
512 1937 607 1990 mmou
624 1930 803 2006 lucubratio,
821 1932 955 2009 quotiens
970 1930 1006 1991 ed
1022 1949 1084 1991 eam

78 2013 182 2089 integri
198 2028 233 2073 ae
249 2012 355 2076 reiecti
372 2015 511 2089 venimus,
529 2014 666 2091 optimum
679 2016 787 2073 secreti
799 2032 903 2091 genus.
995 2051 1000 2058 -

163 2097 222 2157 Sed
245 2096 389 2157 silentium
412 2107 442 2158 et
469 2113 607 2158 secessus
630 2105 660 2156 et
678 2099 803 2176 undique
831 2097 904 2158 liber
925 2099 1032 2158 animus
1054 2106 1127 2162 utu&

78 2189 143 2253 sqnt
165 2183 287 2241 maxime
310 2182 453 2260 optanda,
480 2182 518 2241 ita
537 2197 595 2240 nou
617 2198 733 2260 semper
756 2190 878 2260 possunt
902 2182 1082 2259 contingere,

78 2263 204 2343 ideoque
226 2281 284 2324 nou
305 2267 419 2342 statim,
443 2267 467 2323 si
495 2265 562 2342 quid
589 2264 755 2345 obstrepet,
784 2265 938 2327 abiiciendi
964 2265 1082 2325 eodices

78 2356 161 2406 eruut
176 2357 205 2406 et
221 2347 415 2427 deplorandus
436 2349 514 2416 dies;
535 2366 635 2408 verum
657 2349 845 2409 incommodis
866 2349 1083 2428 repugnandum

79 2439 109 2490 et
125 2430 172 2490 lric
188 2431 338 2492 faciendus
366 2451 452 2508 usus,
477 2441 508 2491 ut
531 2434 623 2492 omnia
648 2450 722 2510 quae
744 2432 901 2511 impedient
921 2434 1018 2491 vineat
1042 2433 1082 2491 iu·

78 2515 182 2580 tentio:
200 2517 322 2592 quamsi
337 2523 398 2574 tota
413 2524 509 2575 mente
525 2517 553 2574 in
569 2533 642 2594 opus
658 2518 751 2594 ipsum
769 2516 927 2576 direxeris:
944 2513 1014 2574 ussuil
1032 2532 1082 2573 eo·

77 2614 151 2672 rum,
169 2612 243 2675 qnae
261 2597 354 2657 oculis
369 2597 418 2658 vel
434 2598 551 2657 auribus
567 2599 724 2673 incursant,
740 2598 776 2657 ad
788 2599 908 2657 animum
919 2599 1081 2674 perveniet.

78 2681 123 2738 An
138 2696 210 2739 vero
228 2680 397 2758 frequenter
419 2683 503 2741 etiam
521 2681 637 2741 lortuita
659 2681 716 2741 boe
732 2681 871 2757 cogitatio
887 2688 1033 2758 praestat,
1053 2691 1126 2746 utili

78 2764 183 2824 obvios
198 2781 256 2823 nou
270 2764 418 2824 videamus
435 2774 465 2824 et
479 2766 582 2824 itinere
598 2764 780 2824 deerremus:
800 2780 857 2822 non
870 2779 1083 2842 consequemur

77 2847 169 2924 idem,
186 2850 211 2908 si
226 2857 255 2908 et
269 2842 467 2909 voluerimus?
506 2847 571 2907 Non
597 2855 643 2906 est
661 2847 865 2924 indulgendum
888 2849 984 2906 causis
1005 2847 1080 2907 desi·

77 2932 151 2990 diae.
182 2931 254 2992 Nam
270 2935 294 2992 si
309 2933 422 2993 nonnisi
432 2931 546 3007 reiecti,
558 2931 671 2990 nouulsi
686 2931 804 3006 hilares,
821 2932 934 2989 nonnisi
951 2930 1081 2990 omnibus

78 3014 141 3074 aliis
163 3019 241 3075 curis
262 3024 399 3077 vacantes
427 3014 597 3075 studendum
621 3015 857 3075 existimarimus:
884 3033 1003 3093 semper
1027 3015 1082 3075 erit

77 3106 199 3175 propter
225 3099 303 3178 quod
328 3099 411 3159 uobis
432 3102 626 3177 ignoscamus.
672 3098 769 3172 erare
790 3098 818 3159 in
840 3097 938 3175 turba,
965 3101 1124 3174 itinere,3o

78 3183 217 3241 conviviis
248 3185 332 3243 etiam
360 3183 447 3243 iaciat
471 3182 526 3242 sibi
552 3184 692 3260 cogitatio
718 3185 781 3261 ipsa
808 3191 963 3244 secretum.
1005 3181 1080 3256 Quid

76 3265 186 3344 alioqui
202 3265 268 3341 llet,
288 3284 352 3327 eum
369 3268 397 3326 in
413 3268 507 3329 medio
524 3266 609 3343 loro,
631 3276 674 3328 tot
691 3262 941 3328 circumstantibus
956 3266 1080 3341 iudiciis,

76 3351 194 3427 iurgiis,
211 3350 335 3411 fortuitis
353 3351 438 3411 etiam
456 3349 644 3427 elamoribus,
666 3353 722 3410 erit
741 3350 836 3411 subito
858 3352 991 3409 continua
1017 3365 1080 3409 ora·

76 3435 155 3494 tione
179 3434 346 3511 dicendum,
369 3437 394 3494 si
408 3434 581 3514 particulas,
598 3451 669 3513 quas
686 3437 761 3494 ceris
777 3433 1099 3504 mandamus,xixs·x·xs
