2408 3854
309 211 562 262 monoceron.
577 213 733 278 crunni,
750 213 775 264 a.
788 211 814 265 3.
1029 206 1066 268 51

57 377 106 431 est
119 386 235 442 coecus
249 368 419 430 secundum
435 370 517 429 ciam
531 376 632 444 storo,
656 377 700 445 et,
725 372 773 448 qui
793 389 862 431 suos
878 381 957 432 artns
972 389 1069 433 morsu

58 452 239 529 lacerasset,
263 452 379 530 lingitur
394 454 423 512 in
438 451 548 512 scholis
562 471 661 533 supra
682 472 716 514 oc
732 455 872 518 cubasse.
916 454 1108 534 Ingeniosaui

58 537 135 598 hacc
155 546 185 596 et
203 539 290 598 fortia
311 545 396 597 etex
417 538 535 616 ancipiti
555 536 663 597 diserta
686 538 856 616 creduntur,
880 542 1067 620 pervasitque

58 624 115 682 iam
129 623 235 682 multos
251 623 305 682 ista
320 623 490 700 persuasio,
512 629 543 680 ut
564 621 592 681 id
607 623 662 681 inm
680 622 793 683 demum
809 624 961 703 eleganter
981 634 1067 705 atque

59 707 205 784 exquisite
228 706 334 767 dictum
355 714 473 785 putent,
497 705 575 785 quod
590 707 835 786 interpretandum
851 711 897 769 sit.
940 710 999 770 Sed
1019 728 1067 770 au·

58 789 201 853 olitoribus
223 792 310 851 etiam
332 790 476 850 nonnullis
497 799 580 868 grata
602 800 667 851 sunt
688 791 777 869 haec,
805 811 879 872 qnae
902 811 967 854 curn
983 794 1068 853 intel-

57 875 211 936 lexerunt:
228 875 360 936 acumine
375 892 429 934 suo
444 874 627 935 delectantur
643 884 672 935 et
686 875 829 954 gaudent,
848 895 905 939 non
922 881 1003 956 quasi
1019 895 1068 938 an-

58 960 164 1022 diorint
179 960 232 1020 sed
247 960 330 1038 quasi
344 960 515 1019 invenerint.

96 1096 100 1101 .
144 1042 238 1106 Nobis
260 1045 351 1123 prima
369 1045 407 1103 sit
420 1045 510 1103 virtus
528 1046 741 1123 perspicuitas,
760 1049 878 1126 propria
894 1049 1001 1126 verba,
1023 1063 1112 1116 re-ua

59 1139 123 1190 ctus
140 1130 231 1206 ordo,
250 1147 309 1189 non
322 1130 351 1188 in
365 1129 483 1207 longum
498 1128 586 1189 dilata
603 1122 769 1199 conclusio;
791 1130 862 1192 nihil
877 1150 974 1210 neque
993 1134 1069 1193 desit

56 1232 156 1293 neque
177 1213 346 1294 superilnat.
387 1212 430 1273 lta
453 1229 549 1274 sermo
575 1223 604 1274 et
625 1213 719 1274 doctis
737 1214 898 1292 probabilis
919 1225 949 1275 et
965 1217 1069 1296 planus

57 1300 200 1378 imperitis
217 1299 280 1358 erit.
317 1296 399 1358 llaec
415 1297 573 1378 eloquendi
588 1298 764 1358 observatio.
804 1298 876 1360 Nam
890 1319 986 1361 rerum
1001 1319 1068 1380 per·

57 1385 199 1463 spicuitas
215 1398 272 1462 qno
285 1382 371 1443 modo
387 1382 560 1461 praestanda
576 1384 629 1459 sit,
649 1383 769 1444 diximus
781 1385 811 1443 in
825 1387 992 1464 praeceptis
1004 1404 1068 1446 nar·

56 1468 190 1529 rationis.
234 1467 341 1528 Similis
363 1476 458 1527 autem
483 1469 558 1527 ratio
581 1471 672 1527 estin
695 1469 835 1529 omnibus.
880 1468 953 1530 Nam
975 1472 999 1530 si
1020 1480 1112 1535 neus
1147 1473 1153 1485 '

57 1571 116 1632 qne
138 1554 293 1632 pauciora,
316 1569 401 1631 quam
423 1560 555 1630 oportet,
580 1570 675 1631 neque
694 1552 779 1632 plura
794 1572 890 1634 neque
909 1555 1068 1616 inordinata

57 1646 107 1697 aut
125 1638 288 1698 indistincta
309 1635 480 1695 dixerimus:
505 1644 588 1695 erunt
603 1637 727 1697 dilucida
743 1647 773 1697 et
791 1638 980 1716 negligenter
997 1657 1068 1718 qno-

57 1740 118 1800 que
134 1721 316 1782 audientibus
333 1728 449 1800 aperta;
474 1719 551 1799 qnod
566 1729 596 1780 et
610 1723 704 1798 ipsnm
717 1723 745 1780 in
762 1723 884 1783 consilio
901 1733 946 1784 est
960 1724 1069 1783 hahen-

57 1807 142 1882 dum,
159 1823 217 1866 non
232 1822 350 1883 semper
365 1812 422 1864 tam
438 1821 505 1864 esse
522 1822 618 1864 acrem
633 1804 736 1865 indicis
749 1807 953 1884 intentionem,
972 1817 1002 1867 nt
1017 1807 1068 1866 oh·

57 1892 228 1951 sonoritatem
247 1888 322 1968 apud
340 1907 373 1947 se
389 1890 454 1966 ipse
470 1889 604 1948 discutiat
620 1899 649 1949 et
664 1890 793 1950 tenebris
810 1893 948 1951 orationis
964 1890 1069 1952 inierat

57 1974 205 2054 quoddam
221 1973 431 2050 intelligentiae
447 1989 517 2032 suae
534 1972 644 2050 lumen,
669 1974 722 2034 sed
738 1974 835 2035 moltis
851 1993 916 2034 eum
932 1975 1068 2054 frequen·

58 2069 105 2119 ter
121 2056 347 2137 cogitationibus
364 2058 498 2132 avocari,
515 2058 569 2116 nisi
587 2066 643 2118 tarn
659 2059 738 2119 clara
753 2059 874 2136 fuerint,
899 2076 973 2138 quae
990 2059 1068 2119 dice-

58 2162 139 2221 mus,
164 2153 195 2204 nt
220 2145 248 2203 in
266 2143 388 2203 animum
404 2142 466 2201 eius
484 2143 594 2217 oratio,
617 2150 647 2201 ut
663 2143 708 2202 sol
723 2143 752 2202 in
768 2143 888 2221 oculos,
913 2145 1024 2204 etiamsi
1041 2145 1069 2202 in

59 2245 125 2289 eam
137 2245 195 2288 non
210 2227 388 2303 intendatur,
404 2226 540 2287 incurrat.
575 2226 671 2301 Quare
683 2243 757 2304 non,
773 2237 804 2288 nt
819 2228 987 2308 intelligere
999 2230 1111 2308 pos-‘ti

57 2314 116 2389 sit,
136 2312 205 2388 sed,
222 2331 258 2372 ne
275 2311 391 2371 omnino
406 2310 501 2389 possit
515 2326 573 2370 non
587 2311 772 2389 intelligere,
795 2313 960 2374 curandum.
999 2313 1068 2374 Pro-

57 2405 126 2476 pter
142 2396 220 2475 quod
236 2397 322 2456 etiam
342 2394 501 2473 repetimus
522 2409 629 2473 saepe,
651 2413 725 2474 quae
741 2413 799 2456 non
813 2398 883 2457 satis
896 2399 1069 2477 percepisse

58 2497 129 2557 eos,
148 2483 196 2560 qui
214 2487 412 2559 cognoscunt,
433 2486 581 2557 putamus:
611 2476 698 2552 Ouoc
718 2496 817 2543 causo
837 2483 943 2560 utique
963 2490 1069 2544 nostro

57 2567 153 2645 culpa
170 2565 256 2628 dicto
276 2564 440 2627 obscurius
460 2570 521 2624 est.-
543 2564 587 2623 cd
603 2563 749 2642 pleniora
765 2573 795 2626 et
814 2567 985 2628 communic
1004 2582 1068 2626 mo·
1174 2611 1176 2615 Α

56 2651 108 2730 giu
118 2649 216 2713 ceron
232 2648 467 2715 descendamus,-
488 2663 551 2706 cnm
565 2646 594 2707 id
611 2648 704 2727 ipsum
717 2649 824 2728 optime
841 2648 905 2724 liat,
922 2649 999 2730 qnod
1014 2665 1068 2707 nos

56 2733 213 2814 aliquando
228 2750 286 2794 non
302 2732 411 2811 optime
428 2729 537 2793 iecisse
552 2731 726 2792 simulamus.

460 2885 504 2934 llll
527 2883 669 2937 ORNATU.

143 2982 193 3042 lll.
223 2982 317 3043 Venio
334 2999 410 3042 nunc
425 2981 461 3042 ad
479 2989 671 3057 ornatum,
694 2984 722 3042 in
743 2999 801 3062 quo
817 2982 880 3042 sine
897 2981 985 3044 dnbio
1003 2982 1068 3062 plus

58 3085 145 3148 mam
164 3069 194 3128 in
215 3068 323 3127 ceteris
340 3066 455 3127 dicendi
477 3064 607 3144 partibus
624 3064 680 3126 sihi
701 3066 831 3144 indulget
847 3075 955 3126 orator.
996 3065 1068 3128 Nam

58 3152 212 3212 emendate
235 3150 350 3232 quidem
375 3169 411 3212 ac
432 3148 530 3210 lucide
553 3148 708 3210 dicentium
725 3160 811 3211 tenue
832 3151 990 3229 praemium
1012 3159 1068 3226 est,

58 3237 212 3316 magisque
234 3244 265 3296 nt
278 3235 354 3296 vitiis
371 3251 473 3296 carere
491 3251 576 3314 quam
595 3243 626 3294 ut
641 3233 766 3315 aliquam
787 3252 920 3313 magnam
935 3235 1069 3293 virtutem

58 3320 183 3400 adeptus
210 3338 277 3381 esse
297 3319 434 3381 videaris.
478 3317 609 3379 lnventio
631 3335 694 3379 oum
715 3319 855 3399 imperitis
876 3337 966 3398 saepe
990 3327 1098 3380 eom-2

58 3406 170 3482 manis,
198 3404 352 3484 dispositio
374 3403 507 3465 modicae
532 3401 681 3463 doctrinae
707 3404 787 3465 credi
811 3411 923 3483 potest3
947 3403 1070 3482 siquae

58 3499 125 3551 “unt
152 3499 230 3551 artes
256 3487 394 3550 altiores:
420 3488 592 3568 plerumque
618 3489 821 3566 occultantur,
845 3496 877 3548 nt
895 3494 978 3548 artos
996 3488 1078 3552 sinu,

878 3569 916 3634 ψ
