2408 3854
309 189 398 238 rusu.
412 189 561 238 onauon.
577 189 646 238 mn.
658 189 726 258 111,
742 187 768 242 6.
784 187 811 243 7.
1000 177 1059 239 255

58 345 164 406 alendo
183 343 287 404 callum
308 344 462 413 inducere;
485 343 539 404 sed
556 345 612 404 iam
635 345 792 419 scientem,
817 344 885 423 qnid
901 347 938 404 sit
953 350 1060 424 pugna,

59 439 88 489 et
103 430 131 488 iu
147 446 231 508 qnam
247 446 309 487 rem
322 427 493 488 studendum
509 429 561 504 sit,
582 428 666 488 refici
687 434 773 506 atque
790 431 935 488 renovari.
967 429 1016 488 Sic
1032 437 1089 496 eti
1148 442 1150 447 ·

58 512 182 572 tirocinii
197 521 319 588 metum,
339 512 404 571 dnm
421 511 535 572 facilius
552 520 597 572 est
613 512 740 588 audere,
756 514 920 588 transierit,
941 515 1061 573 nec'au·

59 596 145 656 dendi
170 595 340 657 facilitatem
366 613 459 674 nsque
487 595 523 656 ad
549 605 744 674 contemptam
773 597 873 674 operis
899 595 1060 656 adduxerit.

57 680 133 739 Usus
150 688 194 739 est
209 678 264 738 hac
280 679 392 738 ratione
408 677 446 737 bl.
465 677 594 755 Tullius,
619 689 649 740 et
667 698 730 740 cnm
745 681 801 739 iarn
817 680 926 740 clarum
941 681 1061 739 meruis-

57 774 103 823 set
119 765 194 822 inter
209 770 366 840 patronos,
386 763 434 840 qui
449 766 507 821 turn
523 773 623 840 erant,
648 781 767 823 nornen:
786 763 815 822 in
831 763 930 824 Asiam
944 765 1062 841 naviga-

58 849 99 906 vit
115 864 208 925 seque
227 854 256 905 et
271 846 335 905 aliis
353 846 416 905 sine
433 845 724 925 dubioeloquentiae
744 865 779 907 ac
795 849 956 926 sapientiae
972 849 1061 924 magi-

59 931 126 990 stris
149 930 201 988 sed
222 930 383 1008 praecipue
402 938 500 989 tamen
521 929 682 1010 Apollonio
698 928 823 1006 Moloni,
849 950 933 1010 quem
951 930 1062 991 Romae

58 1031 175 1093 quoque
200 1012 346 1090 audierat,
375 1011 471 1074 Rhodi
491 1020 590 1074 rursus
614 1015 794 1074 formandum
817 1032 853 1074 ac
877 1015 957 1075 velut
978 1031 1062 1074 reco-

59 1097 202 1176 quendum
230 1097 317 1158 dedit.
358 1095 429 1160 'lum
451 1097 568 1175 dignum
590 1115 699 1177 operae
722 1100 846 1176 pretium
868 1100 965 1174 veuit,
999 1116 1063 1157 cum

57 1183 132 1241 inter
150 1198 181 1240 se
200 1191 360 1258 congruunt
376 1191 535 1260 praecepta
554 1191 584 1255 et
601 1183 812 1262 experimenta.

58 1335 144 1393 QUAE
157 1335 190 1384 ΙΝ
204 1334 423 1385 SUSCIPIENDIS
443 1332 560 1386 CAUSIS
576 1333 721 1385 ORATORI
739 1332 960 1389 OBSERVANDA
978 1333 1062 1383 SINT.

143 1434 206 1494 Vll.
232 1433 302 1494 Gurn
319 1438 388 1496 satis
404 1438 433 1495 in
450 1439 525 1497 omni
542 1438 699 1496 certamine
715 1436 817 1495 virium
832 1435 954 1511 lecerit,
972 1435 1064 1514 prima

59 1522 87 1580 ei
104 1521 222 1579 curain
239 1519 494 1598 suscipiendis
510 1522 636 1580 causis
652 1521 720 1589 erit;
737 1520 886 1601 inquibus
902 1519 1064 1580 defendere

59 1605 175 1683 quidem
196 1620 264 1662 reos
280 1602 416 1681 proiecto
433 1621 518 1682 quarn
533 1603 634 1663 iacere
651 1603 805 1665 virbonus
822 1605 926 1680 malet,
948 1622 1006 1663 non
1023 1614 1063 1664 ta·

58 1706 124 1747 men
143 1688 182 1745 ita
205 1704 310 1745 nomen
330 1688 423 1765 ipsum
444 1688 624 1746 accusatoris
647 1686 795 1763 horrebit,
818 1697 848 1747 ut
863 1688 943 1747 nullo
967 1705 1064 1765 neque

58 1771 176 1850 publico
192 1788 288 1848 neque
305 1771 417 1849 privato
434 1771 500 1831 duci
513 1771 606 1850 possit
622 1770 740 1846 cilicio,
757 1780 788 1831 nt
805 1771 931 1849 aliquem
947 1770 982 1831 ad
998 1771 1064 1830 red·

60 1855 182 1914 dendam
200 1855 341 1914 rationem
366 1855 443 1914 vitae
460 1863 558 1914 vocet.
591 1853 664 1914 Nam
686 1863 715 1914 et
731 1855 816 1932 leges
832 1856 915 1932 ipsae
930 1853 1000 1914 nihil
1016 1871 1064 1913 va·

59 1938 148 2012 leant,
166 1938 221 1996 nisi
233 1939 342 1997 actoris
354 1937 460 1998 idonea
470 1955 547 1998 voce
558 1939 698 2007 munitae;
718 1948 747 1998 et
758 1940 782 1998 si
794 1956 906 2017 poenas
918 1937 1065 1998 scelernm

61 2030 204 2100 expetere
227 2021 273 2080 ias
294 2031 428 2081 nonest:
453 2038 548 2101 prope
565 2031 626 2101 est,
652 2030 682 2080 ut
697 2022 813 2082 scelera
837 2023 900 2100 ipsa
921 2023 1065 2102 permissa

61 2107 132 2173 sint;
152 2115 180 2165 et
196 2104 342 2166 licentiam
356 2105 440 2166 malis
455 2107 532 2183 dari,
550 2115 631 2166 certe
648 2114 749 2167 contra
765 2105 860 2165 bonos
876 2115 930 2166 est.
966 2104 1091 2180 Quaret

60 2207 156 2268 ueque
173 2191 319 2250 sociorum
335 2191 472 2270 querelas
488 2208 545 2250 neo
559 2191 642 2252 amici
656 2190 705 2250 vel
721 2191 876 2269 propinqui
891 2208 995 2250 necem
1010 2206 1066 2248 nec

61 2282 213 2351 erupturas
225 2274 253 2333 in
265 2292 326 2334 rem
338 2273 483 2353 publicam
497 2276 730 2353 conspirationes
746 2273 850 2334 inultas
861 2276 986 2353 patietur
1001 2290 1065 2333 ora-

26 2400 29 2404 .
60 2367 120 2432 tor,
154 2374 212 2417 non
238 2375 352 2437 poenae
376 2360 541 2419 nocentium
570 2359 691 2438 cupidus
715 2359 767 2418 sed
798 2358 968 2419 emendandi
997 2357 1066 2417 vitia

61 2441 285 2519 corrigendique
306 2460 414 2502 mores.
448 2441 520 2504 Nam
542 2445 591 2522 qui
611 2445 724 2503 ratione
747 2442 860 2503 traduci
883 2442 919 2501 ad
941 2441 1062 2518 meliora

60 2542 117 2583 non
133 2534 270 2601 possunt,
289 2525 355 2597 solo
371 2535 448 2585 metu
465 2529 656 2587 continentur.
687 2525 788 2603 itaque
807 2534 838 2584 ut
855 2524 1095 2585 accusatoriam3

59 2609 148 2667 vitam
162 2609 265 2667 vivere
282 2617 311 2668 et
327 2608 363 2669 ad
378 2608 556 2670 deferendos
572 2627 642 2668 reos
658 2609 788 2688 praemio
806 2609 889 2685 duci,
904 2609 1067 2687 proximum

60 2692 213 2773 latrocinio
232 2700 292 2751 est:
316 2693 354 2752 ita
377 2700 491 2771 pestem
515 2693 677 2753 intestinam
694 2691 887 2771 propulsare,
913 2710 976 2752 cnm
998 2707 1067 2770 pro-

60 2775 271 2855 pugnatoribus
288 2776 399 2854 patriae
419 2776 651 2855 comparandum.
679 2775 809 2855 ldeoqne
824 2776 973 2856 principes
990 2777 1018 2834 in
1033 2792 1066 2833 re

60 2860 179 2939 publica
196 2860 250 2919 viri
268 2876 326 2919 non
343 2859 580 2921 detrectaverunt
597 2859 672 2920 hauc
690 2859 780 2920 oflicii
796 2870 927 2938 partem,
951 2859 1066 2920 crediti·
1130 2866 1140 2879 ‘

59 2962 116 3023 que
139 2954 203 3003 suut
221 2944 307 3005 etiam
323 2945 394 3005 clari
409 2945 530 3005 invenes
547 2943 680 3004 obsidem
702 2945 746 3003 rei
767 2943 903 3022 publicae
921 2943 991 3004 dare
1008 2960 1067 3002 tna·

60 3028 153 3087 lorum
180 3029 284 3089 civium
305 3031 538 3104 accusationem,
563 3028 629 3108 quia
650 3045 706 3088 nee
723 3028 821 3088 odisse
843 3027 994 3108 improbos
1010 3043 1067 3086 nec

61 3111 220 3172 simultates
236 3131 400 3192 provocare
417 3115 472 3173 nisi
488 3132 525 3173 ex
536 3110 641 3173 liducia
655 3111 751 3172 bonae
764 3113 868 3173 mentis
884 3111 1065 3172 videbantur.

75 3197 152 3275 dque
168 3213 231 3256 cum
247 3196 283 3257 ab
295 3196 466 3274 Hortensio,
489 3196 632 3272 Lucullis,
650 3196 799 3276 Sulpicio,
817 3193 973 3271 Cicerone,
990 3187 1093 3254 Cae-4

62 3298 138 3356 sare,
158 3279 288 3359 plurimis
305 3281 379 3357 aliis,
396 3289 454 3340 tum
470 3280 506 3341 ab
522 3289 646 3360 utroque
662 3279 772 3341 Catone
790 3279 896 3340 iactum
915 3287 972 3347 est;
995 3293 1065 3355 quo·

60 3383 122 3423 rum
144 3363 219 3424 alter
240 3363 404 3443 appellatus
420 3366 554 3443 sapiens,
580 3364 654 3425 alter
668 3366 723 3424 nisi
740 3363 866 3423 creditur
883 3362 991 3437 fuisse,
1016 3361 1066 3420 vix

60 3450 138 3524 scic,
163 3449 208 3508 cui
232 3447 384 3528 reliquerit
406 3447 489 3507 huius
511 3449 633 3508 nominis
656 3447 764 3508 locum.
802 3443 913 3524 licque
932 3443 1083 3502 belenum
