2408 3854
143 193 162 252 8
464 199 825 260 u.ssn.qu1un1n1nn1

141 357 250 418 societ.
291 356 354 416 ltoo
365 355 550 434 proditionis
561 357 649 433 patri
663 356 798 415 disertos
817 353 899 432 filios
921 357 1027 439 offecit,
1050 358 1144 420 rosti-
1156 387 1173 423 ·,

142 461 196 501 cus
219 461 280 503 ooo
299 438 404 521 offuit.-
426 439 592 499 damnatus
606 439 683 500 obiit
701 457 770 499 com
789 437 941 501 odooeoto
961 443 994 501 in
1010 443 1144 503 esitium.

141 524 287 585 Rusticus
306 542 375 583 cum
393 522 514 600 fortiter
531 523 671 601 fecisset,
698 523 833 600 proemii
855 525 976 585 nomine
995 525 1145 604 impetro-

141 609 184 669 oit
200 608 416 668 restitutionem
428 607 531 684 patris
545 613 573 667 et
585 607 705 685 fratris.
744 604 838 668 Pater
856 624 1001 668 reversos
1019 611 1145 670 intectu-

142 702 190 751 tos
212 691 343 752 decessit
348 711 359 749 .·
379 691 455 768 petit
469 692 604 751 rusticos
617 697 738 767 portem
753 690 916 766 tonorum,
931 699 1037 752 orotor
1053 702 1145 754 totum

102 776 200 834 sssttt
229 775 375 835 oindioot.
426 771 479 832 llic
506 772 549 832 illi
571 773 759 852 eloquentes,
788 772 950 852 quibusque
981 793 1034 834 nos
1066 779 1144 836 circa

141 858 207 916 lites
228 875 308 917 raras
331 857 520 916 sollicitiores
542 856 654 916 ridiculi
674 856 821 931 videmur,
835 858 977 918 ‘invadent
1001 876 1144 938 personas

139 940 328 1000 favorabiles.
377 940 463 999 Actio
490 957 543 1018 pro
566 941 675 999 rustico
699 948 798 999 contra
820 940 974 1017 disertum,
1003 960 1057 1021 pro
1081 945 1144 1001 viro

141 1024 208 1084 torti
225 1034 326 1084 contra
343 1023 506 1098 imbellem,
531 1041 584 1102 pro
600 1025 768 1082 restitutore
787 1033 886 1084 contra
909 1027 1069 1102 ingratum,
1090 1043 1144 1103 pro

141 1125 195 1183 eo,
212 1109 261 1186 qui
274 1117 356 1186 parte
372 1117 525 1167 contentus
541 1108 593 1182 sit,
613 1115 712 1166 contra
728 1123 808 1181 eum,
828 1109 876 1184 qui
890 1107 970 1168 tratri
985 1109 1055 1170 nihil
1074 1110 1144 1170 dare

102 1197 178 1251 tsex
202 1194 329 1270 paternis
350 1191 430 1250 velit.
475 1190 557 1264 Quae
582 1192 675 1249 omnia
697 1199 762 1248 sunt
782 1192 810 1249 in
830 1193 950 1273 materia
974 1201 1004 1252 et
1025 1194 1144 1253 multum

140 1278 252 1352 iuvant,
272 1276 422 1335 victoriam
437 1284 532 1333 tamen
547 1291 604 1333 non
619 1273 741 1332 trahunt.
773 1272 805 1332 ln
820 1274 874 1333 hac
891 1286 1067 1353 quaerentur
1078 1295 1143 1334 sen-

140 1362 264 1434 tentiae,
286 1361 310 1417 si
333 1359 395 1418 lieri
412 1359 537 1435 poterit,
559 1352 736 1434 praecipites
756 1357 805 1416 vel
829 1356 989 1433 obscurae,
1014 1360 1093 1437 (nam
1110 1377 1144 1418 ea

140 1462 214 1502 nunc
231 1444 322 1501 virtus
345 1442 411 1520 est)
435 1449 464 1499 et
485 1440 606 1518 pulchre
629 1440 716 1499 luerit
743 1458 805 1499 cum
831 1444 950 1501 materia
973 1443 1093 1502 tumultu
1117 1453 1145 1501 et

141 1526 268 1585 clamore
290 1532 473 1584 transactum.
523 1522 568 1582 llli
588 1540 678 1598 vero,
702 1522 805 1601 quibus
829 1527 1009 1602 propositum
1029 1526 1146 1603 quidem

139 1609 241 1668 melius
265 1607 317 1666 sed
337 1625 405 1666 cura
426 1608 455 1665 in
470 1608 602 1684 proximo
619 1616 679 1682 est,
702 1607 775 1666 haec
797 1607 877 1666 velut
893 1609 1045 1668 innatantia
1063 1609 1145 1667 vide·

99 1691 224 1752 45bunt:
244 1689 420 1750 Excusatum
436 1707 504 1749 esse
518 1693 671 1765 rusticum,
691 1689 768 1767 quod
779 1707 836 1749 non
856 1692 1019 1751 interfuerit
1036 1691 1144 1751 iudicio

140 1775 208 1834 nihil
221 1774 380 1834 collaturus
395 1775 484 1852 patri;
509 1774 560 1834 sed
580 1793 616 1833 ne
633 1776 770 1834 disertum
785 1774 900 1852 quidem
915 1773 1039 1850 habere,
1066 1775 1143 1852 quod

140 1861 260 1936 imputet
280 1874 348 1933 reo,
372 1875 435 1916 cum
459 1860 482 1916 is
507 1857 653 1917 damnatus
674 1860 726 1925 sit;
749 1857 863 1935 dignum
889 1875 956 1917 esse
976 1859 1143 1918 hereditate

139 1943 350 2009 restitutorem;
374 1959 506 2017 avarum,
527 1943 655 2020 impium,
675 1942 831 2018 ingratum,
853 1943 901 2019 qui
923 1942 1052 2001 dividere
1071 1942 1144 2000 nolit

140 2043 203 2084 cum
219 2025 308 2085 iratre
325 2043 420 2102 eoque
437 2027 479 2084 sic
502 2028 619 2093 merito;
643 2027 840 2102 quaestionem
857 2025 1068 2101 quoqueillam
1084 2026 1142 2102 pri·

139 2126 212 2167 mam
238 2111 337 2186 scripti
363 2119 392 2168 et
417 2109 590 2183 voluntatis,
611 2125 666 2186 qna
692 2125 749 2166 non
774 2116 937 2186 expugnata
959 2125 1017 2167 non
1038 2111 1076 2166 sit
1094 2126 1142 2167 se·

98 2190 292 2269 coquentibus
316 2191 409 2251 locus.
455 2192 509 2266 ht,
533 2193 581 2270 qui
602 2200 730 2250 naturam
752 2200 906 2267 sequetur,
932 2190 983 2251 illa
1002 2190 1142 2268 cogitabit

139 2275 286 2352 proiecto,
295 2276 387 2352 primo
399 2275 455 2334 hoc
469 2276 608 2334 dicturum
619 2277 772 2334 rusticum:
787 2272 881 2335 Poter
891 2277 1052 2336 intestatos
1063 2277 1143 2336 duos

138 2378 194 2421 nos
211 2359 449 2436 ttttos'rettqott,
473 2367 595 2436 portem
618 2361 687 2419 iore
704 2359 837 2436 pendunt
856 2367 934 2437 peto.
989 2357 1059 2432 Quis
1086 2367 1143 2417 tam

139 2444 302 2521 imperitus,
320 2444 383 2520 quis
395 2452 451 2502 tam
462 2442 566 2520 procul
581 2442 729 2516 alitteris,
744 2443 810 2519 quin
823 2443 866 2500 sic
877 2443 1012 2519 incipiat,
1030 2443 1142 2500 etiamsi

97 2528 292 2601 47nescierit,
313 2527 380 2603 quid
395 2528 433 2584 sit
448 2522 632 2603 propositio?
669 2524 748 2585 llanc
765 2542 941 2584 communem
961 2527 1084 2584 omnium
1100 2525 1142 2584 le·

140 2628 207 2688 gem
223 2610 327 2669 leviter
342 2608 491 2669 adornabit
508 2617 538 2667 ut
553 2611 664 2668 iustam.
704 2608 815 2685 Nempe
830 2617 985 2686 sequetur,
1007 2617 1038 2667 ut
1054 2626 1142 2686 quae·

140 2712 252 2769 ramus,
272 2694 339 2771 quid
354 2694 420 2753 huic
436 2701 492 2751 tam
510 2709 622 2770 aequae
637 2693 825 2771 postulationi
839 2689 1072 2771 respondeatur?
1102 2691 1144 2750 At

140 2777 168 2835 id
184 2776 363 2836 manifestum
387 2784 441 2836 est.
490 2774 637 2853 Lecest,
665 2791 745 2854 quoe
762 2778 846 2837 iubet
872 2777 1054 2836 coheredem
1076 2795 1144 2836 esse

141 2879 225 2936 eum,
248 2863 300 2938 qui
312 2863 397 2938 potri
407 2861 592 2938 proditionis
613 2880 666 2923 reo
682 2879 741 2920 oon
755 2859 897 2943 affuerim
919 2867 951 2921 tu
966 2869 1067 2920 ortem
1082 2879 1144 2920 non

141 2943 263 3026 allisisti.
306 2943 386 3004 llanc
401 2946 628 3022 propositionem
649 2945 816 3003 necessaria
838 2945 968 3022 sequitur
985 2943 1060 3020 legis
1083 2943 1143 3002 lau·

97 3026 218 3090 escaus
235 3030 357 3102 eteius,
375 3029 423 3105 qui
439 3044 496 3086 non
512 3029 640 3103 alluerit,
657 3029 840 3105 vituperatio.
875 3026 978 3086 Adhuc
993 3044 1144 3085 versamur

140 3113 168 3169 iu
187 3111 345 3178 confessis:
371 3111 473 3170 redeat
494 3114 602 3170 animus
618 3111 653 3170 ad
668 3113 836 3188 petitorem:
860 3110 994 3188 numquid
1011 3128 1068 3169 non
1086 3109 1144 3169 hoc

141 3196 252 3270 cogitet
266 3213 390 3254 necesse
407 3204 468 3270 est,
487 3197 541 3253 nisi
557 3197 605 3272 qui
623 3196 660 3253 sit
676 3194 762 3271 plane
778 3193 885 3253 hebes:
907 3193 943 3253 st
962 3196 1013 3254 leo
1032 3195 1144 3267 obstat,

138 3278 224 3338 nulio
238 3279 276 3338 iis
293 3287 353 3354 est,
376 3279 469 3339 icone
489 3280 638 3339 iodicium
653 3281 720 3338 est?
757 3275 850 3355 Atqui
866 3285 896 3338 et
915 3278 1010 3356 tepent
1032 3297 1099 3337 esse
1117 3287 1145 3338 et

140 3363 211 3435 hoc,
236 3364 319 3438 quod
339 3380 377 3422 eo
394 3365 519 3440 puniat,
536 3381 557 3421 o
572 3362 688 3422 rustico
708 3362 840 3438 foetum,
867 3369 958 3421 estro
980 3361 1143 3421 dubitatio·

97 3454 209 3506 t9ocm
224 3454 278 3506 est.
303 3443 377 3517 Quid
395 3463 466 3520 ergo
485 3442 624 3504 dicimus?
645 3443 792 3505 Rusticus
812 3463 907 3505 crum.
930 3444 986 3502 Sed
1005 3442 1054 3501 lex
1070 3451 1144 3520 erat,

76 3556 192 3616 fl
