2408 3854
362 169 450 218 mss.
465 170 614 219 osseos.
628 172 696 220 ure.
708 174 741 236 x,
754 172 779 224 1.
1012 164 1070 228 149

65 328 121 389 erit
141 326 287 385 momenti.
319 323 391 385 Nam
409 333 490 385 certe
507 343 570 385 cum
585 327 623 385 sit
637 327 666 385 in
683 327 849 405 eloquendo
865 332 990 408 positum
1005 349 1069 393 ora-

65 411 137 471 toris
153 409 291 484 officium,
308 408 408 469 dicere
423 418 488 470 ante
512 410 604 469 omnia
621 417 682 485 est,
699 419 788 489 atque
802 411 869 472 binc
882 414 991 475 initium
1007 417 1088 477 eius'

65 496 134 555 artis
156 493 248 553 fuisse
273 493 454 554 manifestum
475 500 535 562 est;
565 495 724 572 proximam
745 493 848 556 deinde
873 498 1069 575 imitationem,

64 578 248 638 nouissimum
263 576 410 638 scribendi
425 593 542 657 quoque
565 576 752 655 diligentiam.
790 580 850 641 Sed
871 591 903 640 ut
925 584 1098 660 perveniris

65 662 100 722 ad
118 677 227 722 summa
242 662 298 720 nisi
313 678 351 720 ex
366 662 516 740 principiis
531 677 589 720 non
605 669 719 738 potest:
747 664 787 725 ita
809 664 989 743 procedente
1014 667 1069 726 iam

64 763 157 824 opere
176 745 289 805 minima
309 743 448 824 incipiunt
469 762 536 803 esse
557 761 632 824 quae
656 747 747 824 prima
773 757 848 809 sunt.
889 747 997 809 Verum
1016 766 1071 809 nos

64 846 132 904 non,
150 828 295 911 quomodo
311 827 501 888 instituendus
516 837 630 904 orator,
647 827 705 890 lroc
724 829 791 890 loco
809 831 943 901 dicimus;
960 852 1024 894 nem
1041 833 1070 895 id

65 912 181 993 quidem
208 919 257 971 aut
278 913 350 970 satis
379 921 427 972 aut
457 921 538 972 certe
565 913 606 972 uti
627 914 771 989 potuimus
793 915 899 976 dictum
929 926 988 985 est;
1017 917 1070 978 sed

63 995 188 1070 athlete,
213 996 260 1073 qui
282 1011 384 1055 omnes
398 997 453 1055 iam
467 996 655 1075 perdidicerit
675 1014 692 1057 a
712 1008 906 1077 praeceptore
922 1018 1069 1076 numeros,

63 1097 120 1160 quo
147 1097 258 1157 genere
286 1080 502 1140 exercitationis
533 1079 568 1140 ad
599 1083 754 1141 certamina
781 1084 996 1162 praeparandus
1022 1087 1068 1146 sit.

62 1163 154 1241 Igitur
169 1182 244 1238 eum,
261 1165 310 1242 qui
326 1181 375 1222 res
386 1165 516 1224 invenire
531 1173 560 1223 et
574 1162 732 1242 disponere
743 1165 828 1241 sciet,
844 1166 936 1228 verbu
952 1184 1070 1246 quoque

63 1257 92 1306 et
117 1245 244 1324 eligendi
273 1256 302 1307 et
323 1246 488 1308 collocandi
509 1249 650 1308 racionem
671 1250 855 1328 perceperit,
884 1251 1068 1328 instruamus,

63 1349 118 1409 qua
135 1332 249 1390 ratione
266 1330 344 1408 quod
359 1331 493 1393 didicerit
513 1332 613 1393 lacere
628 1350 713 1412 quam
729 1334 853 1412 optime,
881 1351 965 1413 ιιιιιιι
987 1335 1068 1396 iacil-

61 1416 129 1475 lime
167 1417 249 1474 ossit.

146 1433 220 1558 llum
238 1515 310 1576 ergo
325 1498 440 1560 dubiurn
458 1509 519 1576 est,
542 1501 609 1579 quin
625 1503 652 1561 ei
667 1501 747 1562 velut
766 1518 840 1579 opes
856 1502 913 1562 sint
928 1501 1097 1581 quaednm5

62 1582 223 1661 parandae,
247 1582 350 1661 quibus
371 1585 428 1658 uti,
449 1583 613 1663 ubicunque
640 1583 837 1647 desideratum
862 1587 932 1661 erit,
953 1583 1068 1663 possiti

61 1665 123 1726 Eae
140 1675 272 1727 constant
294 1668 404 1745 copia
423 1684 543 1727 rerum
566 1685 608 1727 ac
624 1667 828 1728 verborum.
860 1669 919 1729 Sed
934 1687 982 1729 res
998 1685 1095 1748 pro-s

61 1752 143 1830 price
158 1760 223 1810 sunt
241 1752 382 1828 cuiusque
397 1768 520 1826 causae,
544 1759 594 1810 aut
610 1754 711 1829 paucis
726 1769 909 1827 communes,
932 1751 1023 1814 uerba
1038 1753 1066 1811 in

61 1835 211 1895 universas
227 1834 369 1914 parauda;
393 1851 468 1912 quae
491 1835 516 1893 si
535 1836 564 1893 in
580 1834 669 1895 rebus
683 1835 805 1912 singulis
821 1844 923 1895 essent
943 1835 1067 1912 singula,

61 1919 202 1979 minorem
222 1936 320 1979 curam
337 1917 531 1997 postularent,
549 1936 613 1979 nam
629 1927 732 1979 cuncta
747 1935 816 1978 sese
832 1936 896 1979 cum
911 1919 982 1997 ipsis
1000 1935 1068 1998 pro-

61 2004 136 2061 tinus
154 2001 246 2062 rebus·
259 2002 407 2062 offerrent.
442 2002 501 2062 Sed
516 2018 581 2072 curu
601 2002 658 2061 sint
673 2002 736 2062 aliis
752 2001 808 2062 alia
826 2010 875 2062 aut
891 2003 985 2079 magis
999 2019 1068 2081 pro·

60 2087 124 2164 pria
141 2095 189 2146 aut
202 2087 294 2163 magis
310 2095 410 2147 ornata
425 2094 474 2146 aut
490 2085 558 2165 plus
572 2085 728 2162 efficientia
741 2093 790 2146 aut
801 2084 903 2147 melius
920 2087 1067 2146 sonantia:

61 2167 168 2230 debent
184 2188 252 2230 esse
270 2187 327 2230 non
342 2170 437 2231 solnm
451 2179 519 2230 nota
531 2170 625 2231 omnia
643 2170 696 2230 sed
717 2172 745 2231 in
763 2178 900 2249 promptu
919 2179 1022 2250 atque,
1039 2179 1070 2230 ut

60 2255 100 2314 ita
120 2254 223 2330 dicam,
241 2255 270 2314 is
285 2264 456 2334 conspectu,
472 2263 518 2332 ut,
538 2273 603 2316 cunr
620 2271 654 2314 se
669 2254 775 2316 iudicio
795 2254 917 2317 dicentis
933 2254 1068 2315 ostende·

61 2339 133 2412 rint,
151 2337 247 2398 facilis
265 2357 303 2399 ex
317 2339 362 2400 lris
380 2341 554 2419 optimomm
576 2339 615 2398 sit
634 2339 752 2400 electio.
793 2338 835 2400 Ilt-
848 2355 923 2418 qums
937 2337 1013 2400 idem
1031 2338 1096 2406 sin

61 2421 232 2498 gnillcarent
249 2422 355 2483 solitos
377 2425 439 2484 scio
463 2423 613 2498 ediscere,
635 2441 692 2502 qno
711 2423 830 2484 facilites-
849 2431 878 2482 et
899 2428 1070 2483 cocurreret

60 2523 146 2564 unum
162 2523 199 2564 ex
218 2504 363 2584 pluribus,
382 2517 428 2584 et,
450 2525 514 2567 cum
531 2516 631 2567 essent
643 2509 689 2567 usi
704 2507 819 2585 aliquo,
844 2508 869 2565 si
882 2502 975 2565 breve
994 2505 1069 2565 iutra

61 2590 185 2665 spatium
201 2606 300 2648 rursus
316 2589 547 2667 desideraretur,
572 2589 756 2668 effugiendae
776 2588 958 2666 repetitionis
973 2587 1069 2663 gratia

62 2679 210 2730 sumerent
231 2671 326 2748 aliud,
349 2690 407 2750 quo
427 2673 503 2733 idem
526 2672 649 2750 intelligi
675 2679 787 2751 posset.
832 2668 918 2744 Quod
940 2686 1004 2729 oum
1024 2677 1070 2729 est

61 2753 176 2834 puerile
201 2763 230 2814 et
251 2755 398 2815 cuiusdam
417 2756 542 2816 inlelicis
564 2772 675 2835 operae
692 2764 752 2815 tuus
766 2755 852 2815 etism
866 2752 937 2813 utile
953 2770 1067 2832 parum;

60 2838 173 2900 turbem
188 2841 263 2899 enirn
279 2847 387 2899 tantum
402 2848 580 2917 congregat,
597 2857 635 2898 ex
650 2856 707 2919 uua
723 2839 786 2898 sine
803 2837 968 2898 discrimine
982 2852 1067 2896 oocu-

61 2931 113 3000 pet
128 2926 290 3002 proximum
306 2922 452 3003 quodque.

146 3005 238 3068 Nobis
256 3015 351 3068 autern
367 3009 453 3087 copia
474 3025 537 3067 oum
553 3006 659 3067 iudicio
675 3004 803 3085 parauds
823 3014 869 3067 est
891 3008 947 3066 vim
969 3002 1098 3064 orandis

62 3104 120 3146 non
135 3090 347 3152 circulatoriam
361 3091 573 3152 volubilitatem
595 3088 804 3170 spectantibus.
840 3087 872 3149 ld
889 3098 982 3150 autem
1000 3104 1069 3149 corr·

63 3176 367 3253 sequemuroptima
384 3174 549 3252 legendo
565 3183 675 3254 atque
691 3173 883 3234 audiendo.
914 3172 1070 3233 Noneuim

63 3254 158 3315 solum
174 3258 287 3318 nomina
307 3260 371 3337 ipsa
394 3277 490 3319 rerum
507 3275 720 3336 cognoscemus
741 3256 797 3318 bac
813 3274 899 3332 cura,
926 3254 978 3315 sed
1002 3252 1069 3333 quid

63 3355 181 3419 quoque
196 3338 264 3401 loco
281 3343 318 3402 sit
335 3343 522 3422 aptissimum.
554 3340 691 3403 Omnibus
710 3341 858 3402 enimiere
869 3338 967 3399 verbis
984 3346 1098 3417 prae-9

10 3445 12 3449 ’
62 3432 108 3483 ter
125 3435 228 3502 pauco,
247 3442 322 3504 quae
339 3436 406 3488 sunt
419 3444 521 3507 parum
534 3426 711 3504 verecunda,
728 3427 757 3484 in
768 3424 900 3484 oratione
912 3422 998 3482 locus
1012 3429 1071 3478 est.
1153 3508 1164 3520 ἱ
