2408 3854
360 174 786 244 msu.ouauon.1‚m.x,1.
1020 164 1079 230 loa

71 351 190 412 semper
204 334 313 394 instans
330 333 384 392 sibi
402 331 655 407 Thucydides,
680 332 772 393 dulcis
790 343 818 393 et
835 332 1019 394 caudiduset
1034 333 1078 392 iu·

69 435 119 478 sus
134 416 364 484 llerodotus;
387 417 437 477 ille
462 416 613 476 concitatis
634 416 681 476 hic
705 418 834 477 remissis
849 415 1001 477 allectibus
1019 434 1078 476 me·

70 503 141 578 lior,
158 501 210 562 ille
226 499 408 561 contionibus
429 499 478 559 hic
501 499 698 575 sermonibus,
721 500 772 561 ille
795 503 824 561 vi
847 499 894 560 hic
915 500 1077 579 voluptate:

70 584 327 663 Theopompus
348 583 393 643 his
409 585 558 663 proximus
573 592 604 643 ut
620 584 648 643 iu
662 584 783 644 historia
798 585 956 664 praedictis
974 586 1076 662 minor,
1084 593 1118 650 ll

68 672 107 730 ita
124 670 233 728 oratori
250 669 343 745 magis
366 668 482 743 similis,
503 676 534 727 ut
555 667 619 745 qui,
646 678 799 746 autequam
822 678 867 728 est
883 668 917 728 ad
933 666 1078 748 hocopus

69 751 259 828 sollicitatus,
280 753 327 812 diu
351 751 439 812 luerit
463 760 570 811 orator.
608 750 790 812 Philistus
808 770 924 831 quoque
941 762 1097 839 meretur,

69 839 117 915 qui
141 835 243 896 turbae
268 837 399 914 quamvis
420 835 561 895 honorum
583 843 652 914 post
675 852 728 895 eos
750 845 901 897 auctorum
927 816 1097 912 eximatur,

68 921 194 980 imitator
210 919 386 995 Thucydidis
402 928 432 979 et
448 928 479 979 ut
493 918 582 978 multo
604 919 741 979 infirmior
755 922 794 980 ita
810 921 992 1000 aliquatenus
1008 921 1087 989 luci·

70 1004 142 1064 dior.
172 1002 364 1082 Ephorus,
385 1012 417 1063 ut
433 1002 555 1064 Isocrati
571 1003 680 1078 visum,
705 1003 869 1064 calcarihus
891 1013 970 1081 eget.
1006 1002 1079 1064 Gli·
1086 1012 1123 1069 ta

69 1088 190 1149 tarchi
213 1087 353 1167 probatur
375 1089 530 1165 ingenium,
553 1086 626 1146 lides
642 1086 801 1147 infamatur.
834 1088 935 1164 Longo
952 1097 1021 1166 post
1036 1091 1077 1148 in·

70 1173 193 1232 tervallo
212 1173 351 1251 temporis
365 1181 447 1232 uatus
469 1169 684 1247 Timagenes
704 1169 762 1230 hoc
784 1181 829 1231 est
852 1171 902 1230 vel
923 1172 988 1249 ipso
1010 1188 1077 1248 pro·

70 1256 184 1331 babilis,
202 1254 279 1333 quod
295 1256 485 1316 intermissam
500 1255 636 1315 historias
660 1254 806 1316 scrihendi
820 1255 988 1316 industriam
1002 1272 1078 1316 nova

70 1339 155 1400 laude
178 1341 334 1416 reparavit.
373 1338 579 1417 Xenophon
609 1355 668 1398 nou
693 1338 800 1399 excidit
827 1339 895 1399 mihi
923 1338 975 1398 sed
1003 1340 1079 1399 inter

70 1421 264 1500 philosophos
280 1423 445 1483 reddendus
461 1433 516 1483 est.

155 1506 292 1584 Sequitur
316 1517 503 1568 oratorum
527 1510 630 1586 iugens
646 1524 761 1583 manus,
784 1516 816 1567 ut
837 1525 900 1566 cum
921 1507 1024 1568 decem
1041 1509 1124 1570 si-to

70 1590 128 1650 mul
144 1583 265 1650 Athenis
281 1600 362 1651 aetas
378 1608 433 1651 una
448 1591 555 1651 tulerit.
586 1590 715 1664 Quorum
739 1592 827 1668 longe
852 1591 989 1670 princeps
1007 1591 1078 1652 De·

70 1674 284 1734 mostheues
307 1692 342 1734 ac
361 1693 455 1754 paene
472 1675 521 1736 lex
536 1675 637 1736 orandi
653 1675 719 1743 iuit;
746 1684 823 1735 tauta
839 1675 884 1734 vis
900 1678 929 1734 io
945 1692 997 1749 eo,
1022 1683 1078 1734 tam

71 1761 161 1818 densa
182 1760 291 1834 omnia,
316 1760 354 1819 ita
377 1759 546 1839 quibusdam
573 1759 670 1819 nervis
694 1760 801 1819 intenta
826 1767 908 1830 sunt,
929 1766 986 1818 tarn
1007 1757 1078 1818 nihil

72 1842 207 1918 otiosum,
223 1845 248 1902 is
266 1844 382 1904 dicendi
397 1844 512 1918 modus,
531 1854 562 1904 ut
577 1860 632 1903 nec
650 1843 727 1921 quod
743 1843 818 1902 desit
832 1843 861 1901 iu
877 1858 913 1900 eo
929 1859 985 1901 nec
1001 1842 1078 1919 quod

72 1925 213 1986 redundet
234 1928 375 1988 invenias.
412 1927 530 1988 Plenior
550 1927 762 1987 Aeschines
783 1936 812 1987 ct
834 1925 925 2002 magis
948 1924 1029 1984 susus
1050 1932 1121 1988 etti

71 2009 218 2087 grandiori
234 2012 354 2087 similis,
373 2007 435 2090 'quo
450 2013 541 2071 miuus
559 2011 677 2071 strictus
696 2019 755 2076 est:
780 2010 873 2069 carnis
895 2017 990 2068 tamen
1012 2009 1078 2088 plus

72 2093 170 2170 hahet,
186 2096 278 2156 minus
294 2096 478 2157 lacertorum.
515 2095 618 2157 Dulcis
637 2096 664 2153 in
680 2095 778 2173 primis
794 2101 823 2153 ot
837 2100 938 2152 acu-tus
953 2091 1077 2172 Hype-

72 2177 191 2253 rides,
213 2180 265 2240 sed
282 2179 439 2240 minorihus
455 2181 567 2256 causis,
589 2187 619 2239 ut
643 2194 701 2238 nou
716 2178 837 2238 dixerim
851 2176 966 2252 utilior,
987 2179 1079 2254 magis

73 2280 135 2340 par.
176 2261 226 2323 llis
249 2270 344 2324 aetate
363 2263 492 2340 Lysias
518 2265 625 2338 maior,
658 2260 771 2322 subtilis
793 2271 881 2341 atque
907 2261 1028 2339 elegans
1050 2267 1122 2323 etta

73 2363 131 2424 quo
158 2346 244 2420 nihil,
271 2348 296 2406 si
317 2350 425 2408 oratori
451 2350 521 2409 satis
544 2356 590 2409 ast
613 2346 738 2422 docere,
765 2363 890 2426 quaeras
908 2345 1077 2424 perfectius

72 2428 151 2488 Nihil
168 2431 241 2488 euim
256 2432 325 2489 est
315 2449 410 2506 unane,
427 2433 496 2493 nihil
512 2431 697 2498 arcessitum
713 2447 788 2517 puro
801 2438 897 2490 tameo
907 2428 979 2488 louti
996 2445 1079 2505 quam

72 2528 177 2588 magno
191 2512 296 2571 llumini
307 2516 437 2592 propior
461 2515 522 2575 lso
532 2524 655 2575 crates
671 2505 827 2573 indiverso
843 2528 955 2588 genero
966 2510 1123 2574 dicendi79

73 2593 179 2654 nitidus
196 2601 225 2652 et
243 2605 375 2674 comptus
391 2605 421 2655 et
435 2596 601 2675 palaestrae
621 2613 707 2675 quam
724 2613 841 2673 pugnae
856 2595 949 2692 magis
964 2608 1079 2653 accom-

73 2676 205 2737 modatus
223 2692 324 2737 omues
339 2678 454 2739 dicendi
467 2679 601 2741 Veneres
619 2687 747 2739 sectatus
764 2687 826 2753 est,
852 2677 1079 2744 necimmerito:

74 2761 223 2822 auditoriis
242 2762 316 2822 enim
338 2780 372 2822 se
386 2779 444 2823 uon
459 2764 571 2825 iudiciis
589 2770 788 2841 compararem
812 2762 840 2821 io
858 2760 1023 2821 inventione
1038 2761 1079 2820 ia·

75 2845 158 2922 cilis,
180 2845 297 2907 honesti
319 2846 483 2924 studiosus,
507 2849 535 2907 in
560 2846 772 2925 compositione
792 2846 866 2908 adeo
888 2843 1028 2922 diligens,
1049 2853 1081 2904 ut

75 2948 143 2989 cura
159 2932 222 2990 eius
238 2930 478 3011 reprehendatur.
505 2930 610 3010 Neque
622 2947 680 3009 ego
692 2931 720 2990 in
730 2930 786 3006 his,
802 2930 839 2992 de
852 2928 956 3009 quibus
967 2927 1125 2990 locutusffl

75 3031 148 3088 sum,
162 3014 214 3076 has
231 3014 310 3077 solas
325 3018 449 3077 virtutes
462 3015 516 3077 sed
530 3015 582 3077 has
599 3016 772 3093 praecipuas
789 3023 876 3092 puto,
892 3031 949 3074 nec
964 3021 1081 3073 ceteros

75 3081 173 3173 parum
188 3099 280 3159 luisse
294 3117 426 3179 magrms.
458 3098 533 3172 Quin
549 3101 634 3160 etiam
649 3098 833 3160 Phalerea
849 3098 928 3159 illum
950 3096 1081 3157 Deme·

75 3179 196 3256 trium,
222 3200 383 3264 marronam
404 3184 429 3243 is
446 3184 554 3262 primus
577 3182 732 3244 inclinasse
754 3183 951 3263 eloquentiam
966 3181 1080 3256 dicitur,

74 3263 215 3325 multum
207 3269 314 3343 ingenii
328 3267 466 3329 hahuisse
483 3277 513 3328 et
527 3267 677 3328 facundiae
695 3266 808 3343 fateor,
830 3266 879 3326 vel
894 3265 933 3324 oh
947 3264 1005 3324 hoc
1021 3280 1081 3322 me·

74 3349 166 3410 moria
182 3349 308 3427 dignum,
325 3351 404 3431 quod
418 3349 534 3412 ultimus
550 3352 673 3414 estsere
690 3368 727 3410 ex
743 3349 862 3425 Atticis,
880 3366 928 3427 qur
921 3347 998 3408 dici
1013 3361 1082 3427 pos·

398 3497 415 3532 Ο
