2408 3854
133 182 194 244 140
443 193 480 240 ru.
496 191 576 240 nnn.
594 191 814 251 qurnrunnnr

131 366 246 430 quaque
262 348 370 426 optime
387 354 481 407 coeat.
522 345 675 406 Plurimum
697 347 786 424 igitur
803 348 1000 424 auctoritatis,
1022 355 1054 407 ut
1069 318 1146 427 dlxi,

132 443 161 494 et
173 432 310 512 ponderis
323 429 431 502 habent
442 430 565 508 longae,
580 430 739 491 celeritatis
751 431 873 500 breves;
891 433 1002 510 quaesi
1016 434 1143 493 miscen-

131 525 177 577 tur
200 514 369 595 quibusdam
392 514 506 592 longis,
537 523 671 590 currunt,
698 516 723 575 si
751 516 971 592 continuantur,
1000 515 1141 577 exultant.

89 600 244 675 iabores,
262 616 337 678 quae
349 617 388 658 ex
401 597 539 659 brevibus
551 599 587 659 ad
599 598 883 678 longas'insurgunt;
902 600 1048 675 leniores,
1066 618 1145 679 quac

131 703 147 746 a
169 684 265 761 longis
288 685 318 742 in
335 681 442 742 breves
468 682 658 743 descendunt.
704 681 819 762 Optime
839 685 976 764 incipitur
995 703 1012 745 a
1034 684 1143 762 longis,

131 779 214 829 recte
235 767 389 847 aliquando
406 785 423 826 a
440 765 594 841 brevibus,
611 776 642 827 ut
654 765 771 830 Nonam
782 770 918 838 crimem
933 769 1027 829 lenius
1043 787 1060 828 a
1074 769 1146 829 dua·

130 852 202 928 bus,
221 860 252 911 ut
265 849 480 913 Animadverti
492 853 632 920 iadiccsr
649 851 702 911 sed
722 868 776 930 pro
793 850 927 912 Cluentio
944 862 1043 930 recte,
1065 851 1145 932 qood

87 946 123 1002 93
132 937 241 997 initium
254 937 316 996 eius
327 936 474 1015 partitioni
486 935 580 995 simile
593 944 654 1012 est,
667 953 742 1014 quae
755 935 1033 1015 celeritategaudet.
1056 935 1145 997 Glau-

132 1020 194 1080 sula
211 1036 329 1100 quoque
353 1037 370 1079 e
387 1019 482 1098 longis
499 1019 659 1081 lirmissirna
676 1029 735 1088 est;
760 1019 814 1079 sed
836 1020 953 1081 cludent
974 1022 1061 1080 etiam
1075 1019 1145 1081 bre·

131 1123 203 1179 ves,
222 1105 350 1182 mamus
367 1103 508 1164 habeatur
529 1103 696 1164 indifferens
711 1105 820 1166 ultima.
865 1103 969 1184 Neque
991 1106 1066 1164 eninr
1084 1123 1143 1183 ego

131 1190 254 1266 ignoro,
272 1190 301 1248 ln
316 1187 373 1248 line
389 1188 542 1267 prolonga
558 1190 652 1267 accipi
666 1187 801 1264 brevem,
823 1191 889 1267 quia
904 1190 1019 1250 videtur
1034 1187 1144 1269 aliquid

131 1273 262 1335 vacantis
286 1274 426 1351 temporis
446 1288 554 1348 exeo,
574 1272 651 1350 quod
669 1274 847 1351 insequitur,
871 1273 1031 1341 accedere;
1056 1290 1145 1333 aures

43 1350 48 1359 ’
133 1365 228 1417 tamen
240 1356 396 1417 consulens
408 1374 506 1432 meas,
516 1356 650 1433 intelligo
660 1356 778 1416 multum
789 1357 920 1433 referre,
933 1375 1042 1418 verene
1055 1356 1144 1435 longa

133 1443 187 1516 sit,
211 1457 285 1519 quae
309 1440 433 1515 claudit,
458 1457 494 1500 an
517 1457 571 1519 pro
590 1440 687 1520 longa.
731 1439 835 1520 Neque
859 1444 934 1502 eninr
953 1449 1010 1502 tarn
1026 1440 1145 1520 plenum

134 1534 179 1584 est
199 1523 315 1587 Dicere
334 1525 528 1604 incipientem
548 1527 671 1603 timere,
696 1543 781 1603 mam
799 1525 871 1586 r'llud
888 1527 996 1588 Aasac
1012 1533 1059 1587 est
1073 1545 1145 1587 oca·

88 1609 222 1690 ilfiteri.
267 1607 356 1686 Atqui
371 1610 396 1667 si
412 1608 482 1668 nihil
496 1608 605 1685 relert,
621 1608 720 1670 brevis
736 1627 772 1670 an
784 1610 872 1688 longa
884 1612 920 1670 sit
934 1609 1051 1686 ultima,
1067 1609 1145 1669 idem

132 1711 187 1772 pes
201 1694 270 1761 erit;
291 1711 391 1753 verum
402 1694 503 1753 nescio
516 1709 573 1771 quo
588 1694 674 1753 modo
690 1693 805 1754 sedebit
816 1693 890 1770 hoc,
905 1693 979 1757 illud
992 1692 1143 1754 subsistet.

133 1776 198 1851 Quo
221 1779 291 1837 moti
310 1777 424 1856 quidam
442 1776 549 1854 longae
567 1777 684 1838 ultimae
706 1780 760 1842 tria
780 1787 914 1857 tempora
929 1777 1088 1853 dederunt,
1114 1786 1148 1837 ut

132 1861 203 1922 illud
219 1871 348 1940 tempus,
367 1862 444 1940 quod
459 1859 556 1921 brevis
577 1880 614 1922 ex
631 1862 719 1940 longa
736 1863 859 1941 accipit,
875 1861 943 1923 hnic
961 1878 1079 1941 quoque
1096 1879 1143 1921 ac·

105 1974 121 2012 r
135 1945 266 2006 cederet.
302 1944 366 2006 Nec
382 1946 476 2006 solum
490 1945 598 2022 relert,
615 1949 679 2025 quis
695 1946 826 2023 claudat,
843 1948 928 2006 etiam
944 1947 1007 2024 quis
1025 1954 1144 2005 antece·

88 2029 190 2095 95dat.
235 2029 406 2090 Retrorsum
428 2039 523 2090 autern
540 2048 636 2109 nequo
657 2031 722 2109 plus
739 2029 846 2108 tribus,
864 2031 943 2108 iique
959 2032 984 2090 si
1006 2046 1064 2089 non
1085 2038 1144 2090 ter·

132 2131 183 2173 nas
205 2113 334 2190 syllabas
355 2112 518 2189 habebunt,
540 2115 813 2192 repetendi‘erunt,
842 2114 895 2193 (sit
910 2122 1006 2174 tamen
1025 2114 1145 2193 poetica

132 2196 318 2277 observatio)
342 2215 438 2276 neque
459 2199 551 2258 minus
568 2197 696 2268 duobus;
730 2199 839 2278 alioqui
858 2216 913 2278 pes
938 2200 993 2260 erit
1012 2214 1071 2259 uon
1092 2216 1143 2258 uu·

131 2299 238 2340 merus.
283 2280 385 2341 l’otest
401 2290 496 2341 tamen
511 2282 561 2343 vel
578 2300 650 2342 uuus
667 2301 735 2342 esse
751 2282 929 2359 dichoreus,
947 2286 972 2344 si
991 2300 1064 2343 unus
1087 2291 1143 2358 est,

89 2365 180 2443 nequi
202 2373 316 2426 constat
337 2365 482 2425 eduobus
506 2366 632 2427 choreis.
680 2366 810 2445 lternque
833 2384 946 2447 paeon,
969 2369 1017 2446 qui
1039 2374 1144 2426 estex

131 2447 241 2510 choreo
258 2458 288 2510 et
309 2448 494 2528 pyrrhichio,
513 2469 599 2530 quern
614 2461 710 2530 aptum
725 2452 812 2512 initiis
828 2451 944 2531 putant)
965 2451 1014 2511 vel
1031 2459 1146 2527 contra,

133 2535 181 2612 qui
200 2542 245 2594 est
267 2551 283 2593 e
303 2533 395 2594 tribus
411 2533 549 2595 brevibus
565 2546 594 2596 et
610 2535 715 2613 longa,
741 2538 787 2596 cui
803 2535 963 2596 clausulam
978 2537 1143 2614 assignant;

133 2617 289 2696 dequibus
307 2618 370 2679 lere
386 2618 498 2679 duobus
513 2623 674 2699 scriptores
692 2619 776 2679 huius
798 2623 868 2681 artis
883 2620 1050 2699 loquuntur.
1085 2617 1145 2678 Alii

133 2718 249 2777 omnes,
265 2711 294 2761 et
312 2719 486 2782 quocunque
499 2714 564 2763 suut
578 2704 662 2779 loco,
678 2712 842 2783 temporum
858 2705 934 2783 quod
952 2704 989 2764 ad
1000 2705 1144 2764 rationem

89 2788 274 2862 ilpertinet,
301 2803 430 2864 paeonas
457 2787 616 2867 appellant.
658 2786 712 2848 Est
738 2797 767 2848 ct
791 2788 956 2863 dochmius,
981 2789 1029 2866 qui
1054 2786 1144 2847 iiten

133 2868 255 2931 bacchio
278 2878 308 2929 et
322 2870 416 2931 iambo
434 2871 483 2932 vel
505 2872 598 2932 iambo
620 2880 649 2932 et
665 2875 792 2948 cretico,
815 2872 928 2934 stabilis
950 2873 979 2931 in
1003 2869 1144 2931 clausulis

134 2961 164 3012 et
179 2970 310 3012 severus.
348 2955 503 3034 spondeus
520 2973 653 3036 quoque,
673 2973 730 3034 quo
745 2955 897 3036 plurimum
913 2964 958 3016 est
968 2954 1144 3016 Demosthe·¹

133 3054 185 3100 nes
208 3054 298 3114 usus,
323 3039 438 3099 modum
455 3057 572 3119 semper
587 3058 641 3119 per
661 3039 807 3101 sehabet.
851 3038 965 3119 Optime
984 3037 1145 3118 praecedat

134 3139 198 3181 corn
215 3123 358 3198 creticus,
380 3130 411 3182 ut
431 3124 459 3182 in
474 3122 547 3184 hoc:
570 3123 618 3187 lle
638 3141 701 3204 qua
717 3143 772 3204 epo
786 3125 862 3187 nihil
877 3125 998 3200 dicam,
1013 3124 1076 3184 aisi
1091 3123 1144 3184 de·

131 3206 267 3284 pellendi
284 3208 422 3268 oriminis
439 3225 545 3269 caasa.
589 3206 663 3267 lllud
680 3217 742 3284 est,
767 3208 845 3287 quod
866 3208 1051 3287 supradixi,
1071 3206 1144 3267 mul·

132 3300 191 3348 tom
210 3289 340 3367 referre,
367 3307 463 3351 unone
484 3289 576 3350 verbo
602 3293 659 3351 sint
684 3292 741 3352 duo
763 3293 856 3370 pedes
878 3290 1084 3371 comprehensi
1109 3307 1145 3350 au

132 3381 257 3453 uterque
283 3373 369 3433 liber.
415 3374 465 3434 Sic
490 3375 564 3435 eninr
591 3375 622 3435 lit
649 3375 726 3436 lorte
749 3373 897 3452 Crinuipie
915 3393 1037 3444 caunos
1053 3373 1145 3438 molle

131 3452 368 3536 Archipiratae,
388 3457 521 3528 mollius,
544 3460 569 3519 si
588 3458 751 3536 tribrachys
767 3459 944 3538 praecedat,
962 3459 1145 3540 facilitates,
