2408 3854
344 182 783 256 rnsr.onaron.n1o.x1,a·
1013 173 1073 235 211

71 349 160 422 sime,
178 344 272 423 quoad
287 344 375 419 vixit,
393 342 553 409 secondus;
577 349 608 400 ιι
626 349 782 419 appareat,
805 340 954 420 placuisse
970 338 1077 418 aliquid

72 446 109 489 eo
126 428 257 502 dicente,
281 426 358 506 quod
378 424 514 503 legentes
531 440 589 484 non
611 426 782 484 invenimus.
820 421 994 484 matercula
1013 434 1106 489 cumo

71 512 187 572 valeant
206 511 324 571 multam
344 507 435 568 verba
449 526 504 587 per
521 526 572 584 se,
599 517 629 568 et
642 524 702 567 vox
719 508 866 586 propriam
887 508 944 566 uim
963 506 1079 567 adiiciat

71 595 175 671 rebus,
199 604 228 655 et
250 602 351 671 gestus
366 600 519 669 motusque
541 591 686 668 significet
707 590 830 670 aliquid:
852 590 988 669 profecto
1012 608 1078 669 per·

71 681 177 739 fectum
193 678 325 756 quiddam
338 676 421 752 fieri,
442 693 507 735 eum
523 676 617 735 omnia
633 677 782 751 coierunt,
801 692 926 734 necesse
941 683 995 733 est.

156 762 227 822 Sunt
244 770 339 820 tamen
354 761 403 838 qui
417 758 518 819 rudem
534 757 628 835 illam,
651 767 680 819 et
702 759 818 838 qualern
837 760 962 839 impetus
984 759 1077 817 euius·
1088 769 1122 822 lo

71 864 128 925 qne
148 846 232 904 animi
253 844 333 920 tulit,
358 845 501 903 actionem
521 841 649 902 iudicent
668 843 818 903 fortiorem
840 852 870 902 et
894 842 986 903 solam
1009 843 1079 901 viris

71 931 200 1006 dignam
225 928 277 988 sed
292 943 349 986 non
363 927 411 987 alii
428 927 510 1002 iere,
533 943 617 1004 quam
633 927 680 1004 qui
696 928 781 986 etiam
796 928 824 985 in
842 927 964 987 dicendo
983 943 1080 986 curam

72 1023 101 1072 et
115 1021 205 1072 artem
224 1021 253 1070 et
270 1012 408 1086 nitorem,
432 1018 462 1071 et
477 1008 614 1088 quidquid
630 1010 725 1069 studio
741 1018 875 1088 paratur,
899 1019 929 1069 nt
944 1010 1080 1070 affectata

72 1105 101 1155 et
116 1112 215 1174 parum
229 1094 368 1154 naturalia
384 1093 481 1154 solent
496 1093 673 1172 improbare,
694 1092 742 1152 rel
759 1094 807 1171 qui
822 1092 977 1152 verborum
993 1102 1079 1170 atque

70 1181 161 1258 ipsius
186 1179 272 1238 etiam
293 1179 357 1237 soni
378 1178 555 1251 msticitate,
584 1186 614 1236 ut
630 1176 661 1236 t.
680 1173 794 1236 Gottam
812 1176 880 1237 dicit
905 1173 1010 1254 Gicero
1037 1176 1079 1234 fe·

73 1265 166 1338 cisse,
189 1263 375 1322 imitationem
396 1261 572 1340 antiquitatis
594 1260 739 1321 affectant.
773 1259 882 1319 Vemm
902 1259 944 1320 illi
960 1276 1080 1338 persua·
1090 1274 1122 1327 11

71 1348 154 1406 sione
175 1363 228 1405 soa
249 1344 395 1421 fruantur,
422 1348 471 1426 qni
492 1344 673 1421 hominibus,
701 1354 733 1405 ιι
752 1346 808 1404 ιιιι
830 1352 982 1420 oratores,
1010 1345 1080 1403 satis

71 1437 170 1508 putant
188 1431 284 1497 nasci;
306 1439 407 1489 nostro
429 1428 522 1490 labori
539 1429 609 1490 deut
622 1431 755 1505 reniam,
782 1429 830 1508 qui
849 1428 919 1489 nihil
937 1427 1081 1488 credimus

72 1531 139 1573 esse
162 1512 341 1591 perfectum,
364 1512 419 1571 nisi
439 1512 489 1572 ubi
511 1521 611 1573 natura
630 1531 698 1574 cora
716 1515 839 1573 iuvetur.
870 1511 902 1572 ln
920 1511 978 1573 hoc
993 1513 1082 1590 igitur

71 1614 128 1656 non
141 1598 349 1656 contumaciter
362 1596 523 1671 consentio,
540 1597 647 1674 primas
659 1605 758 1674 partes
771 1614 839 1657 esse
851 1605 979 1657 naturae.
1009 1595 1081 1656 Nam
1090 1610 1123 1662 12
1168 1625 1171 1631 ¹

72 1689 152 1740 certe
170 1678 246 1739 bene
265 1680 452 1758 pronuntiare
473 1695 531 1737 non
546 1681 671 1757 poterit,
697 1681 742 1739 cui
760 1688 809 1739 ιιι
830 1681 859 1738 ιι
880 1680 998 1760 seriptis
1021 1697 1081 1739 rne-

70 1765 161 1823 moria
176 1772 225 1823 ιιι
239 1764 268 1822 ιι
285 1763 329 1840 ιιι,
348 1779 423 1842 quae
438 1761 534 1822 subito
550 1762 672 1823 dicenda
690 1770 787 1838 erunt,
806 1762 932 1823 facilitas
948 1771 1082 1841 prompta

72 1848 213 1922 defuerit,
247 1864 302 1906 nec
323 1848 348 1907 si
376 1844 598 1906 inemendabilia
623 1847 682 1905 oris
705 1847 885 1906 incommoda
915 1845 1080 1907 obstabunt.

74 1929 214 2008 Corporis
237 1930 322 1990 etiam
337 1937 436 2008 potest
457 1946 525 1989 esse
542 1928 638 2009 aliqua
653 1938 731 1991 tanta
752 1929 939 2007 deformitas,
958 1930 1082 1990 utnulla

72 2023 133 2073 arte
154 2014 294 2073 vincatur.
336 2013 400 2074 Sed
419 2030 456 2074 ne
475 2029 536 2073 vor
558 2014 673 2093 quidem
695 2014 780 2076 erilis
809 2015 952 2075 actionem
972 2014 1082 2076 habere
1092 2027 1125 2082 13

72 2099 207 2176 optimam
222 2104 330 2177 potest.
362 2095 442 2157 Bona
459 2097 534 2156 enim
549 2097 704 2177 firmaque,
720 2108 751 2158 ιι
766 2099 918 2174 volumus,
939 2100 981 2159 ιιι
997 2099 1080 2167 licet;
1107 2105 1109 2109 ’

71 2182 145 2242 mala
166 2180 215 2241 vel
238 2180 386 2242 imbecilla
402 2190 431 2242 et
451 2180 561 2242 inhibet
576 2181 682 2258 multa,
706 2191 738 2243 ιι
752 2184 905 2261 insurgere
929 2192 958 2243 et
983 2182 1081 2244 excla-

71 2283 167 2341 mare,
191 2273 221 2324 et
238 2265 335 2345 aliqua
350 2268 446 2344 cogit,
468 2273 501 2325 nt
517 2266 706 2327 intermittere
724 2276 754 2328 et
773 2266 933 2330 deflectere
955 2275 985 2327 et
1000 2285 1081 2328 rasas

72 2350 172 2409 fauces
188 2367 224 2409 ac
242 2349 317 2410 latus
335 2350 485 2427 fatigatum
506 2349 630 2410 deformi
646 2352 760 2412 cantico
777 2351 912 2412 reficere.
948 2352 1008 2412 Sed
1028 2368 1081 2410 nos

72 2433 108 2493 de
123 2450 159 2493 eo
175 2450 250 2492 nunc
265 2433 433 2511 loquamur,
450 2434 497 2493 cni
512 2450 571 2493 non
587 2433 693 2495 frustra
709 2436 895 2515 praecipitur.

157 2512 228 2575 (ium
243 2517 281 2575 ιιι
297 2525 393 2576 antem
410 2513 502 2576 omnis
518 2518 613 2591 aetio,
627 2525 659 2576 nt
677 2519 753 2595 dixi,
774 2515 803 2578 in
820 2519 891 2578 duas
907 2517 999 2578 divisa
1017 2535 1124 2595 par-14

72 2609 136 2674 tes,
160 2614 265 2658 vocem
285 2608 476 2678 gestumque,
503 2617 624 2679 quorum
646 2601 722 2661 alter
748 2600 851 2662 oculos
875 2601 967 2661 altera
995 2617 1081 2661 aures

70 2691 185 2759 movet,
207 2699 262 2760 per
282 2699 355 2761 quos
371 2683 444 2744 duos
468 2700 572 2743 sensus
589 2685 680 2743 omnis
695 2684 731 2745 ad
753 2685 874 2745 animum
888 2693 1024 2763 penetrat
1039 2685 1081 2746 af·

72 2767 182 2826 iectus:
211 2767 291 2845 prius
314 2775 359 2827 est
382 2767 419 2828 de
440 2783 537 2826 voce
551 2767 666 2842 dlcere,
688 2769 734 2828 eni
750 2770 835 2829 etiarn
849 2778 951 2845 gestus
967 2786 1082 2830 accom-

71 2851 212 2911 modatur.

156 2934 187 2993 ln
200 2952 235 2996 ea
247 2935 337 3014 prima
349 2934 519 2996 observatio
533 2943 594 3010 est,
611 2935 758 3013 qualem
771 2935 921 3005 habeam
939 2937 1079 3013 secunda,

45 3040 48 3045 ·
73 3018 251 3095 quomodo
268 3021 399 3084 utaris.
433 3016 543 3079 Natura
557 3020 639 3079 vocis
655 3028 805 3098 spectatur
825 3021 1034 3099 quantitate
1051 3031 1081 3081 et

73 3101 270 3180 qualitate.
313 3102 464 3177 Quantitas
486 3102 660 3182 simplicior;
689 3105 718 3164 in
740 3121 847 3165 summa
869 3104 944 3165 enim
962 3104 1123 3182 prandiolo

73 3192 121 3244 aut
138 3187 243 3262 exigna
259 3196 320 3262 est,
344 3187 396 3248 sed
411 3188 486 3246 inter
503 3185 555 3254 has
579 3189 778 3249 extremitates
792 3188 904 3249 mediae
923 3195 989 3247 sunt
1004 3205 1079 3265 ,spe-

74 3269 153 3345 cies,
171 3278 201 3328 et
217 3268 253 3329 ab
270 3270 325 3330 ima
343 3270 378 3330 ad
394 3286 530 3330 summam
548 3286 583 3330 ac
600 3279 679 3331 retro
700 3271 782 3333 multi
799 3271 917 3349 gradm.
948 3269 1091 3344 Qualitas.

72 3354 163 3430 magis
181 3353 270 3413 varia.
304 3350 377 3413 Nam
392 3361 482 3413 estet
496 3352 616 3414 eandida
634 3364 664 3415 et
674 3356 772 3430 fusca,
790 3364 819 3415 et
833 3354 920 3433 plena
936 3361 965 3414 ιι
981 3353 1078 3430 exilis,

73 3445 103 3496 et
118 3436 192 3497 lenis
213 3446 243 3498 et
258 3454 381 3516 aspera,
399 3445 429 3497 et
440 3443 590 3497 contracto
606 3443 635 3496 et
648 3438 731 3516 fusa,
752 3447 784 3498 ιι
798 3435 1105 3580 ιιιιὶῖιὴιιιιιιιιιι,
