2408 3854
118 179 179 239 244
425 193 461 238 Μ.
478 190 556 237 une.
573 190 791 250 oouununrsur

118 355 147 406 et
162 347 276 424 quidem
290 363 491 424 nonnunquam
506 343 665 404 levioribus
682 344 792 403 causis:
810 344 863 402 ut
854 363 882 403 un
897 349 996 424 pueris
1013 366 1118 427 aegro

117 430 242 493 tautibus
267 430 395 490 utilitatis
421 446 520 488 eorum
542 429 636 505 gratia
660 426 747 487 multa
772 426 921 505 fingimus,
951 431 1039 493 multa
1062 448 1120 494 non

74 515 218 578 39facturi
234 514 439 592 promittimus;
462 513 566 572 nedum
592 513 616 570 si
637 510 673 571 ab
690 510 805 571 homine
822 512 984 575 occidendo
1001 534 1119 592 grassa·

116 607 162 658 tor
188 596 361 658 avertendus
385 597 423 656 sit
448 606 494 656 aut
516 595 608 656 hostis
630 612 683 672 pro
705 594 799 655 salute
828 598 938 674 patriae
958 598 1119 669 fallendum

116 693 145 742 ut
162 682 230 757 boc,
247 680 326 779 quod
342 681 439 740 alias
430 699 459 739 un
474 681 568 740 servis
583 695 701 758 quoque
716 679 989 778 reprehendendum
1004 693 1065 760 est,
1083 685 1121 744 sit

117 766 212 827 alias'
205 783 233 823 un
247 766 311 843 ipso
329 765 461 843 sapiente
477 762 657 824 laudandum
685 760 757 822 ld
733 781 757 822 su
774 765 945 841 constiterit,
960 766 1073 828 multa
1064 785 1120 829 ratu

115 851 203 910 video
219 865 310 927 posse
326 849 456 924 evenire,
473 855 595 926 propter
610 864 684 926 quae
701 854 799 906 orator
813 845 890 908 bene
907 852 1046 929 suscipiat
1060 850 1120 911 tale

117 950 223 994 causae
237 950 348 1009 genus,
367 930 453 1030 quale
469 938 581 991 remota
598 931 710 990 ratione
728 928 852 992 honesta
867 948 925 991 non
941 935 1119 1012 recepisset.

73 1016 179 1081 ‹toNec
196 1015 344 1090 leodico,
362 1018 428 1093 quia
446 1015 614 1074 severiores
629 1017 714 1092 sequi
729 1013 825 1092 placet
841 1014 936 1092 leges,
954 1035 1008 1095 pro
1025 1027 1119 1095 patre,
1148 1065 1150 1071 ,

41 1126 45 1135 r
116 1101 221 1175 fratre,
248 1100 341 1160 amico
359 1098 608 1197 periclitantibus,
636 1099 750 1157 tametsi
772 1114 830 1158 nou
849 1100 1005 1161 mediocris
1024 1101 1120 1162 baesi-

116 1185 187 1245 tatio
201 1192 259 1258 .,est
275 1183 365 1243 binc
357 1184 481 1244 iustitiae
497 1183 672 1280 proposita
663 1183 787 1258 imagine
803 1183 870 1242 inde
887 1184 1013 1261 pietatis.
1041 1184 1122 1244 Nibil

116 1266 194 1328 dubii
218 1267 425 1347 relinquamus.
460 1267 503 1326 Sit
524 1246 628 1345 aliquus
651 1265 800 1325 insidiatus
827 1274 948 1364 tpranuo
973 1277 1060 1348 atque
1083 1269 1121 1328 ob

115 1353 144 1412 id
159 1369 243 1412 rous:
270 1360 401 1412 utrumne
424 1350 534 1420 salvum
552 1367 617 1409 eum
637 1348 748 1409 nolet
739 1367 780 1424 rs,
805 1351 853 1429 qui
874 1351 991 1411 anobis
1013 1351 1120 1428 linitur,

116 1433 235 1495 orator‘l
263 1453 315 1509 an,
333 1453 357 1493 su
349 1433 508 1494 tuendum
525 1434 706 1512 susceperit,
724 1442 854 1494 nontam
871 1434 953 1501 falsis
970 1435 1120 1510 defendet,

72 1525 106 1579 41
115 1536 199 1598 quam
216 1519 264 1596 qui
282 1517 357 1596 apud
373 1517 485 1578 iudices
499 1516 603 1577 malam
623 1534 739 1577 caueam
753 1515 869 1578 tuetur?
900 1518 976 1591 Quid
991 1521 1015 1579 si
1032 1538 1121 1599 quae·

116 1602 181 1662 dam
196 1600 272 1660 bene
288 1601 366 1661 facta
383 1600 566 1662 damnaturus
581 1609 626 1660 est
641 1601 745 1677 iudex,
761 1602 816 1661 nisi
833 1620 868 1663 ea
885 1619 943 1661 non
959 1621 1027 1663 esse
1043 1604 1122 1664 facta

117 1685 346 1745 convicerimus:
375 1702 432 1745 non
452 1685 503 1745 vel
524 1684 582 1745 boe
601 1685 687 1745 modo
703 1685 833 1745 servabit
851 1695 951 1746 orator
965 1703 1023 1746 non
1040 1687 1121 1746 inno·

117 1777 231 1830 centem
246 1768 332 1829 modo
348 1768 401 1837 sed
416 1771 500 1830 etiam
514 1767 688 1829 laudabilem
704 1765 819 1829 civem?
847 1768 922 1843 Quid
938 1772 963 1830 si
979 1770 1121 1849 quaedam

116 1854 191 1913 iusta
215 1861 316 1913 natura
338 1852 392 1913 sed
416 1853 589 1914 condicione
609 1860 771 1931 temporum
793 1852 901 1914 inutilia
920 1855 1028 1914 civitati
1046 1855 1121 1914 scie·

115 1955 192 1997 mus:
216 1954 310 1997 nonne
327 1946 438 1997 utemur
454 1945 515 1998 arte
533 1935 647 1997 dicendi
661 1937 737 1997 bona
753 1935 869 2016 quidem
884 1938 938 1999 sed
955 1937 1037 1999 malis
1054 1938 1121 1996 arti·

75 2021 171 2080 bibus
186 2017 293 2080 simili?
324 2019 371 2080 Ad
384 2021 441 2082 boc
456 2037 541 2081 nemo
557 2017 708 2096 dubitabit,
725 2022 804 2100 quin,
820 2021 845 2079 si
862 2030 1004 2082 nocentes
1019 2020 1122 2081 mutari

117 2107 145 2165 in
160 2102 264 2166 bonam
279 2113 404 2165 mentem
418 2105 516 2184 aliquo
533 2102 619 2163 modo
635 2105 765 2181 possint,
783 2105 857 2164 sicut
872 2122 962 2183 posse
979 2103 1121 2166 interdurn

118 2188 303 2262 conceditur,
328 2188 428 2248 salvos
454 2206 521 2248 esse
537 2188 630 2267 magis
648 2205 665 2246 e
680 2206 712 2248 re
728 2186 846 2266 publica
863 2189 901 2248 sit
915 2207 1000 2268 quam
1015 2189 1120 2268 puniri.

6 2273 9 2280 '
117 2272 148 2331 Si
166 2271 275 2350 liqueat
291 2272 376 2347 igitur
394 2272 519 2347 oratori,
536 2271 659 2330 futurum
673 2269 780 2332 bonum
794 2272 903 2349 uirum,
920 2274 966 2332 cui
981 2291 1051 2332 vcra
1069 2271 1121 2331 ob-

74 2356 263 2414 43iicientur:
287 2371 345 2414 non
367 2354 395 2413 id
419 2362 501 2431 aget,
526 2362 556 2414 ut
571 2353 670 2415 saluus
687 2353 743 2415 siti
773 2355 818 2415 Da
833 2374 922 2431 nunc,
948 2365 979 2416 ut
1002 2357 1121 2416 crimine

116 2437 269 2499 manifesto
287 2446 433 2516 prematur
450 2437 508 2498 dux
529 2438 639 2514 bonus,
662 2446 691 2497 et
712 2440 776 2498 sine
799 2456 856 2519 quo
871 2442 991 2501 vincere
1006 2440 1122 2500 bostem

117 2523 219 2584 civitas
242 2538 300 2581 non
320 2522 428 2600 possit:
452 2539 547 2582 nonne
563 2524 592 2582 ei
609 2525 767 2583 communis
786 2524 892 2584 utilitas
907 2534 1053 2585 oratorem
1072 2522 1121 2583 ad·

116 2602 252 2668 vocabit?
280 2605 369 2667 Certe
384 2604 534 2667 Fabricius
551 2602 718 2667 Cornelium
732 2604 878 2681 Rufinum,
894 2617 923 2667 et
938 2609 1047 2688 alioqui
1062 2626 1121 2677 ma-

117 2692 174 2751 lurn
190 2693 283 2750 civem
303 2698 333 2750 et
353 2690 409 2750 sibi
424 2691 583 2766 inimicum,
607 2698 718 2767 tamen,
743 2692 809 2769 quia
827 2691 926 2751 utilem
941 2692 1054 2752 sciebat
1071 2691 1121 2751 du·

118 2793 197 2849 cem,
223 2776 388 2834 imminente
413 2773 494 2834 bello
517 2774 612 2852 palam
635 2775 783 2834 consulem
806 2774 945 2852 suffragio
970 2793 1023 2835 suo
1049 2775 1122 2835 fecit

117 2866 204 2934 atque
222 2857 425 2918 admirantibus
441 2857 611 2937 quibusdam
626 2858 795 2937 respondit,
812 2855 839 2918 A
855 2861 921 2920 cicc
935 2879 969 2922 se
990 2860 1123 2938 spoliari

116 2941 207 3001 molle
228 2958 320 3019 quom
341 2943 380 3004 ab
405 2941 489 3003 boote
510 2944 625 3005 occire
662 2941 721 3018 lta,
744 2944 768 3001 si
792 2942 895 3001 fuisset
921 2951 1036 3018 orator,
1064 2959 1123 3002 nou

117 3023 299 3085 defendisset
324 3024 446 3085 eundem
469 3026 602 3087 Rufinum
621 3025 671 3086 vel
692 3026 837 3086 manifesti
845 3026 1002 3125 peculatus
1017 3023 1122 3085 reum?

76 3106 205 3171 44b1ulta
221 3107 278 3168 dici
294 3117 414 3190 possunt
428 3110 542 3186 similia,
559 3109 675 3171 sedvel
691 3128 775 3170 unum
791 3111 878 3170 exiis
894 3108 1045 3189 quodlibet
1062 3109 1121 3169 suf·

117 3193 186 3252 ficit
219 3189 285 3252 Non
303 3193 378 3253 enim
393 3192 451 3252 boc
472 3195 599 3271 agimus,
621 3202 651 3252 ut
665 3191 741 3253 istud
765 3193 821 3268 illi,
844 3211 930 3273 quem
952 3193 1120 3267 formamus,

118 3278 180 3337 viro
197 3276 288 3355 saepe
305 3277 342 3336 sit
358 3276 535 3345 faciendum
560 3276 614 3337 sed
631 3284 676 3351 ut,
702 3295 726 3334 su
719 3276 808 3336 talus
823 3277 955 3354 coegerit
970 3277 1062 3352 ratro
1086 3277 1122 3335 sit

63 3363 69 3375 ‘
119 3370 215 3420 tamen
228 3378 299 3420 vera
316 3359 421 3436 linitio,
438 3366 591 3421 oratorem
609 3378 675 3423 esce
689 3362 788 3422 cirum
803 3361 914 3422 docum
929 3361 1055 3422 dicende
1066 3378 1121 3438 pc·

80 3446 219 3506 ttritum.
258 3443 433 3522 Praecipere
449 3460 522 3503 vero
541 3462 576 3504 ac
591 3442 723 3520 discere,
749 3442 893 3523 quomodo
911 3446 997 3504 etiam
1014 3443 1119 3522 proba·

217 3547 366 3636 η’..
