2408 3854
151 194 193 258 ’lb
468 207 504 255 rr.
519 207 598 255 aaa.
616 205 836 266 Qumrrmnru

150 373 198 424 aut
215 363 260 442 (ut
272 362 346 442 dixi)
358 362 423 440 quia
436 361 594 421 decentius.
625 359 680 420 Ubi
693 360 763 420 nihil
775 360 876 421 borum
888 361 1065 438 praestabit,
1082 360 1155 442 quot

151 446 358 520 transferetur,
381 445 567 523 improprium
588 445 652 502 erit.
688 442 873 504 Necessitate
893 446 992 504 rustici
1008 463 1155 525 pemmoni

151 533 179 590 in
191 529 297 591 vitibus
311 527 396 609 (quid
409 529 483 588 enim
494 527 625 586 dicerent
637 523 763 606 aliudl),
776 537 805 588 et
819 528 906 589 sitire
917 537 1039 605 segetes
1054 537 1085 588 et
1101 527 1154 589 lru·

153 625 215 675 ctus
242 615 389 676 laborare
396 634 410 679 ;
431 613 606 671 necessitate
630 627 684 669 nos
707 613 818 672 darum
841 610 986 671 hominem
1002 622 1051 672 aut
1068 630 1153 692 cape

152 718 229 759 ram.
258 695 323 756 Non
340 697 415 755 enim
432 694 579 773 proprium
596 703 674 771 erat,
691 695 768 773 quod
784 694 917 754 daremus
931 695 976 755 bis
992 695 1153 771 affectibus,

123 793 265 851 tuomen.
315 779 374 841 lam
399 780 556 841 incensam
581 779 622 838 ira
649 787 678 837 et
701 775 922 856 inflammatam
948 779 1109 857 cupiditate
1131 788 1155 840 ct

152 868 272 944 lapsam
296 879 397 923 errore
421 862 600 940 significandi
625 864 729 940 gratia.
774 860 852 922 Nibil
874 864 948 922 enim
973 862 1079 923 borum
1101 864 1155 923 suis

151 948 249 1008 verbis
269 965 353 1026 quiam
368 945 413 1005 his
429 947 578 1006 arcessitis
596 947 688 1024 magis
705 946 852 1024 proprium
868 955 939 1006 erat.
978 945 1034 1008 llla
1056 947 1093 1008 ad
1113 964 1153 1007 or·

152 1041 264 1107 uatum,
288 1032 389 1092 lamen
413 1031 550 1090 orationis
574 1038 603 1089 et
623 1031 741 1108 generis
757 1029 928 1092 claritatem
948 1039 977 1090 et
994 1032 1154 1091 contionum

150 1116 307 1194 procellos
323 1124 352 1175 et
368 1113 552 1193 eloquentiae
566 1114 712 1192 fulmine,
731 1122 762 1172 ιιι
777 1111 882 1173 Cicero
896 1130 950 1193 pro
964 1112 1075 1175 llilone
1092 1113 1154 1175 Olo-

152 1199 227 1259 dium
240 1200 352 1278 sontem
368 1198 482 1277 gloriae
499 1199 560 1257 eius
578 1207 665 1260 vocat
687 1197 788 1257 etalio
805 1197 873 1256 loco
889 1207 1020 1277 scpctem
1039 1216 1080 1260 cc
1097 1216 1153 1261 mo·

123 1285 268 1348 stertens.
310 1274 460 1356 ‘Quaedam
481 1283 567 1342 etiam
586 1298 685 1359 parum
704 1282 840 1359 speciosa
856 1281 934 1341 dictu
949 1299 1003 1360 per
1018 1281 1095 1343 banc
1109 1300 1152 1343 ex·

174 1367 311 1427 licentur:

153 1385 171 1446 p
276 1447 342 1510 Hoc
356 1450 492 1527 facicm,
507 1449 600 1509 nimio
612 1467 651 1508 ae
666 1448 744 1509 luca
761 1449 917 1511 obtunsior
930 1467 1007 1511 usas

277 1530 326 1593 Sit
340 1532 469 1611 paritati
486 1539 607 1593 crocet
627 1533 729 1593 sulcos
747 1533 867 1596 oblimet
882 1536 1004 1596 inertes.

152 1617 183 1676 In
206 1625 295 1675 totum
315 1625 410 1675 autem
430 1614 599 1693 metaphora
615 1614 732 1675 brevior
748 1626 793 1676 est
810 1615 982 1693 similitudo,
1004 1615 1154 1694 coquedi

153 1709 225 1776 stat,
251 1699 329 1779 quod
358 1699 408 1759 illa
433 1707 615 1778 comparatur
640 1700 699 1776 rei,
727 1718 811 1778 quam
828 1700 960 1760 uolumus
982 1700 1153 1778 exprimere,

124 1783 227 1848 9haeo
249 1800 302 1862 pro
331 1784 394 1862 ipsa
415 1800 448 1843 re
472 1783 585 1843 dicitur.
637 1780 823 1863 Comparatio
846 1793 906 1860 est,
939 1801 1003 1844 cum
1027 1783 1096 1843 dico
1116 1782 1154 1842 ie·

153 1869 229 1926 cisse
246 1868 313 1946 quid
328 1866 472 1927 bominem
488 1874 522 1929 ct
542 1868 675 1939 leonem·
696 1868 865 1944 translatio,
890 1886 952 1927 cum
968 1868 1036 1928 dico
1055 1867 1093 1927 de
1108 1866 1155 1927 lro·

152 1953 244 2026 mine,
260 1954 306 2013 tco
322 1962 376 2014 cst.
414 1950 503 2010 Huius
519 1952 564 2010 vis
583 1953 674 2010 omnis
690 1951 871 2031 quadruplex
885 1952 1008 2011 maxime
1026 1950 1153 2011 videtur:

153 2053 216 2094 cum
236 2036 264 2094 in
285 2035 373 2095 rebus
397 2033 565 2095 animalibus
587 2034 664 2095 aliud
686 2053 740 2113 pro
761 2035 819 2095 alio
840 2036 971 2115 ponitur,
998 2044 1029 2095 ut
1046 2035 1083 2096 de
1100 2035 1155 2113 agi·

154 2127 259 2195 latore,

280 2234 323 2248 -
342 2202 534 2280 graderentur
548 2220 662 2281 mapsa
680 2204 824 2265 contorsit
838 2219 946 2282 equam
960 2205 1013 2273 νὴ·
1038 2223 1041 2227 ·

154 2292 201 2343 aut
220 2282 332 2361 Livius,
361 2285 527 2363 Scipionem
553 2282 701 2346 acatoue
722 2289 868 2350 cllotrori
893 2286 1029 2362 solitum,
1056 2284 1156 2346 refert

114 2366 277 2429 lolnanima
301 2384 355 2446 pro
380 2367 444 2428 aliis
469 2370 587 2446 generis
607 2370 737 2430 eiusdem
754 2380 917 2432 sumuntur:
943 2379 974 2430 ut
996 2368 1156 2446 Classicus

151 2452 280 2512 immittit
302 2452 460 2523 babenber
483 2461 531 2513 ant
546 2469 600 2533 pro
616 2454 704 2514 rebus
720 2454 889 2516 animalibus
904 2455 1042 2514 inanima:
1061 2451 1157 2515 Ferro

150 2554 209 2597 noa
222 2535 288 2613 foto
303 2554 425 2598 moeros
439 2535 583 2617 Arpiccm
597 2540 730 2611 occidit‚·
750 2548 798 2600 aut
820 2547 934 2600 contra:

468 2655 510 2668 -
524 2622 611 2683 sedet
625 2624 743 2685 tascius
756 2625 818 2685 otto

303 2702 470 2784 decipiens
485 2707 614 2767 sonitum
630 2708 704 2768 scat
719 2709 757 2768 dc
771 2709 887 2770 vertice
900 2714 1016 2786 pastor,

68 2866 70 2870 Α
110 2783 371 2866 11Praecipueqne
393 2805 431 2848 ex
452 2788 497 2849 bis
520 2790 611 2848 oritur
630 2790 807 2866 sublimitas,
831 2808 905 2870 quae
922 2789 1025 2850 audaci
1047 2797 1077 2848 et
1092 2803 1156 2867 pro·

150 2867 226 2927 xime
247 2870 406 2947 periculum
428 2872 616 2933 translatione
636 2875 792 2951 tolluntur,
812 2892 875 2935 cum
894 2873 982 2935 rebus
1001 2889 1091 2932 seusu
1110 2888 1155 2932 ca·

150 2951 279 3011 rentibus
295 2961 389 3013 actum
406 2955 547 3032 quendam
562 2966 597 3030 et
608 2960 717 3018 animos
733 2959 847 3034 damus,
865 2958 958 3039 qualis
975 2966 1021 3017 cst

420 3036 541 3104 Pontem
561 3042 739 3121 indicantes
752 3039 885 3106 Arocas.

111 3116 186 3176 ltEt
210 3117 260 3178 illa
280 3116 447 3198 Ciceronis,
473 3120 556 3195 Quid
572 3126 651 3186 enias
667 3134 737 3188 taos
750 3127 817 3205 ille,
843 3126 976 3202 Tubero,
993 3124 1157 3186 destrictus

148 3203 180 3261 ia
195 3203 264 3263 acie
275 3201 460 3265 Pharsalico
473 3207 598 3284 plodics
612 3209 747 3288 opcbot?
776 3208 871 3272 Ocius
886 3212 968 3272 taras
983 3210 1035 3271 ille
1052 3223 1157 3271 macro

146 3284 290 3364 petebat?
312 3288 364 3364 pat
377 3306 487 3351 scasas
501 3297 571 3352 crat
584 3309 740 3355 armorum
761 3295 901 3356 sacram?
928 3293 1104 3372 Duplicatur
1118 3287 1154 3353 ln

149 3369 233 3429 terim
248 3370 322 3432 baec
335 3372 443 3449 virtus,
460 3382 490 3432 ut
504 3375 580 3453 apud
595 3375 768 3454 Vergilium,

372 3486 414 3502 ’-
431 3455 622 3537 Fuscaque
640 3479 766 3524 amoro
784 3479 910 3524 veneco.
