2408 3854
130 203 189 265 172
265 214 268 221 ·
444 218 480 262 u.
495 215 573 262 aas.
587 213 808 274 oomrrmaur

63 434 70 445 ,
127 371 219 431 cultas
240 373 352 430 inanem
373 368 459 428 modo
481 367 686 446 loquacitatem
707 366 786 427 dabit
817 375 847 427 et
870 364 960 426 verba
987 369 1017 427 in
1043 366 1134 428 labris

96 465 114 516 3
127 455 284 514 nascentia.
312 452 377 512 lllic
390 452 516 528 radices,
531 449 789 513 illicziundamenta
802 458 878 525 suut,
892 449 952 510 illic
965 467 1040 530 opes
1051 451 1134 512 velut

126 539 272 598 sanctiore
289 536 412 615 quodam
435 535 547 594 aerario
567 533 751 610 reconditae,
774 533 850 593 nude
872 531 908 592 ad
932 532 1045 595 subitos
1061 552 1133 613 quo-

126 639 182 699 que
200 638 296 695 casus,
320 637 384 679 cum
400 636 448 677 res
465 618 575 695 exiget,
587 617 781 696 proferantur.
813 616 900 676 Vires
914 615 1054 678 iaciamus
1066 628 1133 678 aute

126 706 229 778 omnia,
249 720 323 781 quae
339 701 483 762 sufficiant
498 700 591 761 labori
608 702 794 761 certaminum
815 710 845 760 et
864 717 918 760 usu
939 717 998 760 nou
1024 701 1133 762 exhau-

96 791 241 849 sriantur.
282 785 359 846 Nihil
380 788 455 845 enim
475 803 572 845 rerum
593 787 656 863 ipsa
681 794 782 844 natura
798 784 890 844 voluit
904 800 1037 862 maguum
1054 784 1133 845 eiiici

126 874 202 944 cito,
225 872 453 948 praeposuitque
475 868 671 947 pulcherrimo
695 871 800 946 cuique
816 869 899 946 operi
916 867 1133 937 difficultatem
1159 896 1165 905 ·

125 971 200 1030 quae
217 954 355 1012 nascendi
370 969 487 1031 quoque
499 951 574 1011 lranc
591 951 695 1012 lecerit
710 952 817 1029 legem,
834 960 866 1011 ut
874 953 983 1013 maiora
1000 952 1133 1013 animalia

125 1037 229 1096 diutius
246 1034 408 1095 visceribus
426 1037 554 1114 parentis
568 1038 791 1096 continerentur.

208 1120 268 1180 Sed
283 1137 346 1179 cnm
361 1121 398 1178 sit
414 1119 522 1198 duplex
540 1121 691 1197 quaestio,
713 1118 893 1196 quomodo
915 1126 944 1178 et
962 1136 1055 1196 quae
1073 1139 1132 1181 ma·

96 1205 199 1267 trime
215 1202 303 1264 scrilti
328 1211 480 1283 oporteat,
503 1204 559 1262 iam
578 1202 646 1262 hinc
667 1201 797 1262 ordinem
821 1219 937 1289 sequar.
975 1203 1019 1263 stt
1039 1206 1133 1283 primo

122 1288 171 1347 uel
186 1287 285 1347 tardus
302 1287 367 1346 dum
381 1286 506 1364 diligens
523 1286 623 1362 stilus,
647 1303 819 1364 quaeramus
841 1286 949 1365 optima
970 1303 1026 1347 uec
1040 1291 1133 1366 proti·

123 1389 176 1430 nus
191 1368 381 1431 offerentibus
396 1389 430 1429 se
445 1370 638 1448 gaudeamus,
661 1369 830 1430 adhibeatur
844 1369 979 1430 iudicium
994 1372 1132 1449 inventis,

123 1454 274 1532 dispositio
290 1452 431 1533 probatis.
464 1452 606 1513 Deiectus
622 1455 697 1513 enim
708 1471 805 1513 rerum
816 1451 1031 1532 verborumque
1042 1473 1132 1531 agen·

122 1537 176 1596 dus
192 1545 238 1596 est
253 1546 283 1597 et
299 1537 430 1616 pondera
442 1536 621 1614 singulorum
635 1537 830 1598 examinanda.
857 1535 928 1596 Post
938 1536 1042 1598 subeat
1056 1542 1132 1599 ratio

123 1619 288 1681 collocandi
304 1629 516 1699 versenturque
533 1622 609 1680 omui
624 1620 710 1681 modo
725 1623 845 1697 numeri,
863 1637 921 1680 nou
940 1629 972 1680 ut
993 1622 1132 1701 quodque

94 1713 157 1768 dse
172 1703 304 1783 proferet
314 1703 439 1773 ¹veritum
454 1713 580 1784 occupet
596 1704 702 1765 locum.
735 1703 817 1778 Quae
835 1705 949 1782 quidem
965 1713 996 1764 ut
1006 1705 1150 1783 diligen·x

122 1789 178 1847 tius
194 1805 381 1866 exequamur,
397 1789 558 1867 repetenda
574 1790 691 1867 saepius
708 1797 790 1848 erunt
801 1789 975 1867 scriptorum
987 1792 1129 1866 proxima.

121 1870 193 1931 Nam
204 1880 322 1951 praeter
336 1871 365 1931 id
377 1871 454 1950 quod
469 1874 512 1933 sic
526 1872 630 1932 melius
645 1874 798 1949 iunguntur
808 1870 954 1950 prioribus
966 1876 1130 1951 sequeutia,

122 1955 204 2015 calor
226 1971 342 2034 quoque
363 1956 415 2015 ille
436 1958 634 2034 cogitationis,
665 1958 714 2035 qni
739 1954 885 2015 scribendi
902 1971 983 2015 mora
1004 1957 1129 2032 refrixit,

121 2040 227 2118 recipit
242 2057 280 2099 ex
298 2042 414 2116 integro
437 2042 516 2099 vires
532 2050 561 2099 et
575 2039 656 2100 velut
671 2041 796 2117 repetito
818 2041 914 2117 spatio
937 2040 1022 2098 sumit
1038 2042 1129 2119 impe·

121 2131 193 2190 tum;
222 2122 299 2200 quod
319 2124 348 2181 in
370 2125 526 2182 certamine
549 2122 671 2183 saliendi
687 2122 750 2182 lieri
773 2122 921 2198 ridemus,
944 2132 975 2182 ut
995 2133 1128 2184 conatum

121 2203 238 2280 longius
259 2214 359 2282 petant
375 2214 403 2265 et
418 2205 453 2265 ad
476 2206 563 2283 illud,
588 2224 646 2285 quo
674 2206 872 2283 contenditur,
896 2208 1020 2284 spatium
1042 2226 1129 2267 cursu

121 2285 263 2356 terentum
284 2297 373 2365 utque
393 2291 422 2348 in
443 2289 595 2351 iaculando
613 2289 731 2350 brachia
751 2289 915 2350 reducimus
932 2298 962 2349 et
978 2290 1129 2368 expulsuri

92 2369 178 2432 ltela
199 2387 306 2430 nervos
328 2380 408 2432 retro
429 2372 580 2432 tendimus.
617 2373 734 2433 Interim
754 2382 865 2450 tamen,
886 2374 911 2432 si
933 2373 1009 2433 ieret
1029 2372 1128 2450 datus,

121 2453 213 2515 danda
229 2464 294 2515 suut
309 2455 391 2531 vela,
415 2455 480 2516 dum
494 2473 548 2516 uos
567 2456 744 2535 indulgentia
761 2456 811 2516 illa
826 2474 884 2516 non
898 2455 989 2517 fallat.
1026 2454 1127 2517 Omnia

121 2540 194 2598 enim
214 2549 323 2616 nostra,
341 2540 406 2600 dum
425 2549 596 2618 nascuntur,
612 2540 743 2620 placent;
766 2539 875 2619 alioqui
891 2558 947 2599 uec
963 2539 1126 2600 scriberen-

120 2631 174 2681 tur.
211 2622 270 2684 Scd
291 2624 443 2684 redeamus
470 2624 505 2684 ad
529 2625 664 2685 iudicium
691 2633 722 2684 et
743 2632 936 2683 retractemus
957 2633 1126 2702 suspectam

90 2705 294 2767 Siscilitatem.
326 2709 375 2768 Sic
392 2710 547 2787 scripsisse
563 2709 729 2769 Sallustium
741 2708 918 2785 accepimus,
935 2716 966 2767 et
981 2725 1052 2767 sane
1067 2725 1127 2768 nra·

119 2787 241 2848 niiestus
266 2800 312 2851 est
334 2793 417 2852 etiam
439 2810 478 2852 ex
498 2809 590 2871 opere
610 2794 675 2871 ipso
697 2789 789 2852 ltltor.
832 2789 993 2867 Vergilium
1008 2807 1127 2870 quoque

119 2873 314 2948 paucissimos
327 2875 374 2935 die
390 2878 592 2954 composuisse
607 2893 711 2934 versus
727 2883 889 2934 auctorest
906 2874 1019 2934 Varius.
1054 2873 1125 2935 Ora·

91 2957 190 3015 9toris
207 2956 321 3032 quidem
339 2959 394 3018 alia
416 2960 550 3020 condicio
567 2967 621 3018 est.
660 2957 762 3037 ltaque
781 2957 855 3017 hauc
869 2974 978 3017 moram
997 2967 1027 3017 ct
1042 2958 1125 3018 solli·

119 3037 271 3098 citudinem
292 3041 377 3100 initiis
400 3043 522 3120 impero.
562 3040 634 3102 Nam
655 3043 775 3119 primam
796 3041 854 3102 hoc
880 3041 1125 3118 constituendum,

118 3119 175 3180 hoc
190 3120 375 3184 obtinendum
391 3133 450 3200 est,
473 3134 603 3203 utquam
619 3126 727 3202 optime
745 3123 920 3194 scribamus;
943 3124 1125 3187 celeritatem

119 3204 197 3264 dabit
212 3209 402 3269 consuetudo.
440 3208 576 3269 Paulatim
596 3226 643 3267 res
659 3208 772 3269 lacilins
790 3227 824 3268 se
840 3209 1010 3286 ostendent,
1031 3208 1125 3270 rerba

118 3279 343 3368 respondebunt,
363 3292 536 3390 compositio
554 3302 760 3371 prosequetur,
782 3301 884 3353 cuncta
904 3293 1030 3372 denique
1045 3302 1077 3353 ut
1094 3293 1124 3353 iu

77 3370 221 3434 rolandia
241 3372 316 3434 bene
338 3375 465 3435 instituta
487 3377 516 3436 in
536 3375 635 3436 cilicio
653 3385 745 3436 erunt.
777 3376 890 3437 Summa
908 3376 982 3436 llaec
1000 3376 1121 3437 estrei:

118 3455 176 3514 cito
194 3457 349 3518 scribendo
364 3475 420 3519 non
437 3459 478 3535 lit,
500 3470 530 3519 ut
544 3458 621 3521 bene
636 3458 793 3529 scribator;
816 3458 892 3519 bene
907 3457 1062 3520 scrilteudo
1080 3460 1121 3537 lit,
