2408 3854
159 211 179 267 4
478 218 514 265 u.
528 218 606 264 aaa.
620 216 838 276 absumamur

160 381 214 447 est,
232 389 288 451 qua
303 371 438 432 iudicium
454 372 490 429 sit
507 373 698 430 constitutum.
737 369 807 431 Nam
830 372 970 451 quaedam
993 373 1021 430 in
1043 371 1158 432 sabaia·

158 458 239 515 sticis
256 465 399 534 ponuntur
423 455 458 514 ad
476 454 704 532 coniungendam
723 455 809 515 mado
829 465 912 516 actae
927 457 970 515 rei
988 456 1112 531 seriem,
1130 466 1158 515 ut

159 549 242 618 puta:
259 536 441 618 Expositum
463 540 516 616 qui
536 540 704 618 apuocctit,
726 540 831 601 solutis
850 541 1003 601 alimentis
1016 541 1158 617 recipiat.

159 621 260 684 diicus
281 625 362 685 dicto
378 623 553 684 audientem
578 623 672 702 fitium
701 624 794 684 liceat
812 624 972 685 abdicare.
1017 621 1079 695 Qui
1105 642 1158 685 ca·

154 709 285 786 positum
299 708 424 786 recepit,
445 709 577 784 imperat
594 709 623 767 ci
639 708 762 785 nuptias
777 708 935 786 locupletis
948 709 1142 786 propinquae
1147 730 1159 776 ,·

120 793 206 858 istu
225 791 342 852 ducere
360 793 423 852 uuit
438 791 534 868 titiam
555 793 706 870 pauperis
727 793 914 853 educatoris.
969 790 1031 850 Lex
1056 791 1093 850 de
1111 809 1157 850 ex·

157 875 260 953 positis
281 876 316 936 ad
340 875 474 935 affectum
490 876 628 953 pertinet;
651 875 784 934 iudicium
804 875 912 953 pendet
938 894 976 935 ex
996 875 1065 951 lege
1081 874 1158 934 abdi·

158 960 289 1019 cationis.
320 959 382 1018 Nec
398 966 492 1018 tamen
507 977 623 1037 semper
643 977 680 1018 ex
696 977 751 1018 una
766 958 834 1036 lage
853 961 984 1037 quaestio
1001 967 1062 1033 est,
1087 967 1119 1016 ut
1133 960 1158 1018 in

158 1035 319 1118 ἄνιινομία.
351 1041 402 1101 His
418 1043 556 1120 spectatis
572 1042 733 1121 apparebit,
751 1044 828 1102 circa
844 1061 918 1121 quae
934 1059 1029 1120 pugna
1045 1043 1093 1101 sit.

118 1139 149 1195 16
241 1124 399 1198 Coniuncta
415 1126 546 1186 defensio
563 1135 618 1200 est,
636 1126 728 1204 qualis
743 1144 797 1204 pro
816 1126 950 1185 Rabirio:
973 1125 1010 1186 st
1025 1127 1156 1186 occidis·

156 1217 212 1287 net,
234 1219 317 1272 recte
335 1212 477 1290 fectsseu·
498 1211 554 1270 scd
574 1229 634 1270 aaa
649 1206 769 1274 accidit.
810 1209 865 1270 Ubi
886 1227 957 1269 vera
980 1208 1068 1268 multa
1092 1225 1157 1269 eon-

157 1304 200 1353 tra
222 1312 304 1354 unam
331 1294 562 1371 propositionem
589 1294 723 1353 dicimus:
751 1293 935 1371 cogitandum
962 1301 1006 1352 est
1027 1293 1158 1369 primum,

158 1377 293 1457 quidquid
310 1379 366 1438 dici
389 1385 501 1455 potest:
523 1386 581 1437 tum
603 1395 640 1436 ex
656 1378 709 1450 bis,
733 1394 789 1454 quo
806 1378 932 1456 quidque
950 1377 1017 1436 loca
1037 1376 1094 1436 dici
1112 1395 1158 1436 ex·

157 1462 265 1539 pediat,
282 1461 496 1522 aestimandum.
534 1461 565 1520 ln
582 1477 638 1539 qua
653 1477 711 1518 non
726 1462 802 1520 idam
819 1463 930 1535 sentia,
948 1461 1024 1539 quod
1041 1460 1077 1518 de
1094 1476 1158 1538 pro·

157 1545 349 1622 positionibus
367 1544 454 1622 paulo
470 1554 546 1619 ante,
564 1545 700 1623 quodque
716 1545 753 1603 de
768 1546 943 1622 argumentis
959 1542 1159 1622 probatianum

158 1628 227 1688 loco
244 1631 396 1703 comessi,
424 1645 513 1705 posse
541 1628 695 1707 aliquando
723 1646 776 1687 nas
799 1629 928 1707 incipere
944 1646 960 1686 a
976 1626 1158 1686 firmioribus.

114 1723 146 1774 ιι
158 1711 229 1770 Nam
249 1715 292 1772 vis
316 1714 515 1791 quaestionum
536 1730 727 1790 percrescere
750 1712 837 1771 debet
860 1721 889 1771 et
910 1712 945 1771 ad
962 1712 1160 1789 patentissima

158 1795 193 1855 ab
219 1796 416 1856 infirmissimis
437 1797 610 1875 pervenire,
632 1797 694 1854 sive
718 1806 783 1855 sunt
805 1796 932 1856 eiusdem
957 1796 1076 1872 generis
1099 1796 1160 1854 sive

114 1890 147 1943 18
157 1879 275 1939 diversi.
301 1879 381 1938 iuris
399 1889 493 1940 autem
509 1881 696 1958 quaestiones
711 1879 807 1939 solent
823 1897 890 1938 esse
908 1895 1110 1956 nonnunquam
1126 1895 1160 1937 ex

159 1964 222 2022 aliis
239 1973 327 2042 atque
349 1964 412 2023 aliis
429 1964 676 2039 condictionibus,
701 1964 769 2024 iacti
786 1981 903 2042 semper
917 1961 993 2022 idem
1009 1970 1158 2039 spectanti

157 2050 186 2105 in
202 2057 326 2126 utroque
341 2066 452 2124 genere
468 2049 568 2107 similis
585 2048 656 2107 ordo
676 2056 729 2106 est.
776 2047 834 2107 Sed
855 2049 934 2125 prius
957 2046 994 2106 de
1018 2044 1160 2105 dissimili·

157 2130 222 2205 bus,
245 2131 402 2208 exquibus
424 2131 642 2190 infirmissimum
663 2131 788 2208 quidque
806 2131 925 2208 primum
941 2129 1058 2189 tractari
1076 2145 1160 2206 opor·

158 2222 214 2288 tet,
239 2215 305 2274 idea
322 2214 398 2292 quod
414 2214 551 2292 quasdam
569 2215 754 2292 quaestiones
773 2208 888 2273 executi
910 2212 1018 2272 donare
1034 2212 1161 2272 solemus

159 2306 188 2356 et
210 2299 389 2365 comoedeia:
421 2315 516 2375 neque
539 2299 613 2357 enim
634 2299 756 2357 transire
778 2298 812 2358 ad
836 2296 906 2357 alias
929 2308 1085 2375 possumus
1109 2295 1161 2354 nisi

117 2399 150 2452 19
158 2382 272 2442 amissi
288 2381 442 2460 prioribus.
492 2380 577 2454 Quod
594 2383 687 2459 ipsum
703 2383 741 2440 ita
758 2382 820 2441 iteri
836 2389 969 2459 oportet,
996 2396 1053 2438 non
1069 2389 1100 2438 ut
1116 2379 1161 2438 da-

158 2483 272 2525 mnasse
292 2484 342 2525 eas
357 2466 508 2524 videantur
523 2466 575 2525 sed
592 2466 735 2541 omisisse,
752 2467 818 2544 quia
837 2465 982 2542 possimus
998 2464 1086 2523 etiam
1101 2463 1163 2522 sine

159 2551 201 2608 eis
220 2552 350 2610 vincere.
399 2547 587 2611 Procurator
608 2550 740 2611 alicuius
766 2550 928 2629 pecuniam
951 2549 1038 2627 petit·
1053 2565 1094 2608 ea
1119 2548 1163 2626 fe·

157 2652 233 2694 aare
254 2635 461 2696 hereditario:
489 2642 587 2712 potest
611 2634 739 2694 incidere
761 2633 909 2712 quaestio,
933 2630 981 2692 Aa
1003 2631 1076 2692 buic
1099 2650 1164 2692 csse

115 2727 393 2796 acprocuratorcm
417 2719 531 2779 liceat?
576 2715 668 2794 Finge
696 2735 767 2792 nos,
795 2726 949 2795 postquam
976 2715 1163 2775 tractavimus

160 2819 233 2877 eam,
250 2803 398 2861 remittere
415 2800 463 2860 vel
479 2803 564 2861 etiam
580 2803 727 2861 convinci:
750 2810 922 2879 quaeretur,
947 2796 994 2858 Aa
1019 2801 1057 2874 ei,
1079 2800 1164 2860 cuius

159 2886 278 2946 uacuae
292 2887 445 2964 titiqutur,
464 2894 698 2963 procuratorem
713 2885 847 2946 dabatdi
868 2886 907 2944 sit
922 2884 993 2943 ius?
1024 2881 1164 2942 Disceda-

158 2987 221 3027 mus
238 2969 304 3029 hinc
320 2986 455 3047 quaque:
472 2969 577 3047 recipit
587 2970 707 3028 materia
718 2970 926 3046 quaestionem,
938 2963 988 3026 Au
998 2966 1060 3040 itte,
1077 2969 1164 3028 cuius

158 3055 279 3114 nomiae
301 3055 419 3132 coitur,
441 3053 588 3114 bercarii
611 3053 817 3131 feneratoris?
841 3070 882 3112 uu
905 3070 945 3111 ea
958 3069 1035 3116 ,asae
1054 3051 1164 3112 iteres?

118 3136 239 3207 21Haec
267 3155 384 3217 quaque
418 3153 562 3198 concessa
593 3137 664 3196 sint:
696 3144 867 3214 quaeretur,
899 3132 948 3195 Aa
988 3133 1164 3195 debeatur?

163 3219 269 3281 Contra
292 3240 376 3282 nemo
400 3232 456 3281 tam
478 3222 597 3281 demens
620 3220 723 3295 fuerit,
745 3229 776 3279 ut
798 3219 845 3295 id,
874 3219 950 3297 quad
975 3218 1164 3277 firmissimum

84 3357 88 3363 .
161 3306 275 3365 duxerit
300 3325 333 3365 se
356 3304 481 3380 babere,
504 3305 628 3362 remittat
644 3313 672 3362 et
688 3304 724 3363 ad
741 3303 853 3363 leviora
868 3301 1064 3384 transcendat.
1092 3300 1164 3361 Huic

162 3389 190 3446 in
211 3389 312 3449 schola
337 3388 508 3446 simileest:
535 3384 603 3448 Nau
624 3388 787 3476 abdicabis
806 3388 1006 3465 adoptamus,-
1030 3393 1064 3446 ut
1084 3385 1164 3447 buna

162 3488 297 3550 quaque:
326 3490 387 3533 aaa
401 3473 501 3533 airum
512 3471 643 3549 fortem,-
663 3481 696 3533 ut
715 3479 744 3532 et
760 3472 887 3550 fortem.-
911 3487 972 3531 aaa
993 3471 1164 3552 quicunque

76 3538 146 3632 ἱ
