2408 3854
348 217 438 266 rnen.
457 216 748 282 onuuon.u1a.1x,
765 213 791 266 a.
1032 207 1072 269 95

69 373 128 434 tior
149 371 182 432 nt
198 370 349 450 probatio,
376 370 454 449 quod
473 372 565 448 primo
587 370 654 429 loco
676 371 833 448 posuimus.
872 369 1004 449 Simplex
1030 381 1102 439 estt

70 457 115 518 aio
128 471 253 533 rogare:

104 550 108 557 '
140 537 207 600 Sed
220 558 275 601 eos
291 539 344 616 qni
358 539 503 599 tundens?
525 538 636 618 quibem
650 544 705 599 unt
718 538 844 598 venistis
860 538 900 598 ub
922 540 1007 600 oris?

69 621 238 703 Figuratum
254 631 366 697 autem,
388 623 600 700 quotiensnon
625 621 792 680 sciscitandi
814 622 907 698 gratia
923 625 1076 685 assumitur

71 707 125 769 sed
140 706 279 767 instandi:
302 703 385 779 Quid
405 707 484 767 enim
506 712 576 767 tuus
595 707 667 781 ille,
696 703 831 781 Tubero,
859 707 1025 769 destrictus
1043 710 1076 770 in

69 793 141 855 acie
165 788 351 853 Pleursulicu
370 790 496 869 pludius
520 791 654 869 upebut?
686 798 731 865 et,
761 787 926 868 Quousque
951 792 1076 853 tandem

69 875 209 950 αόιιιονε,
227 872 371 950 Catilina,
385 876 536 953 patientie
550 876 678 936 nostru?
693 883 733 948 et,
750 872 862 934 Petere
878 883 931 935 tun
948 878 1077 938 consiliu

68 977 130 1021 uon
145 959 261 1020 scretis?
285 967 314 1018 et
334 967 411 1018 totus
428 958 552 1037 denique
571 959 618 1017 hio
639 957 731 1016 locus.
764 957 877 1030 Quanto
893 961 968 1019 enim
984 963 1105 1038 magias

68 1042 162 1119 ardet,
179 1060 264 1122 quam
280 1043 305 1102 si
321 1042 484 1102 diceretur:
508 1040 571 1102 Diu
587 1042 726 1104 abuteris
738 1044 891 1119 potientis
907 1052 1031 1121 nostru,
1048 1052 1077 1104 et

69 1123 181 1190 Patent
202 1133 255 1188 tuo
270 1127 408 1189 coaulic-
445 1125 660 1203 interrogamus
683 1127 785 1200 etiam,
806 1126 883 1203 quod
900 1130 1002 1204 negari
1019 1146 1077 1189 nou

69 1212 180 1290 possit:
210 1209 336 1272 Dicitue
356 1211 479 1271 tandem
497 1228 625 1271 censum
644 1206 677 1270 0.
694 1208 909 1271 Fidiculanius
924 1209 1077 1274 Falcula?

69 1304 119 1355 aut
135 1294 184 1355 ubi
199 1293 395 1374 respondendi
412 1294 538 1353 diiiioilis
554 1303 599 1354 est
614 1295 705 1370 ratio,
722 1303 753 1353 ut
769 1293 858 1370 vulgo
874 1295 914 1353 uti
934 1296 1074 1372 solemus,

71 1375 139 1452 Ouo
153 1380 265 1440 modo?
281 1380 333 1456 qni
353 1377 424 1456 fieri
435 1379 555 1457 potest?
585 1387 633 1438 aut
648 1377 772 1438 invidiae
793 1380 903 1455 gratia,
926 1388 956 1438 ut
971 1377 1075 1441 Medea

68 1463 147 1541 apud
162 1464 322 1538 Senecam,
347 1458 433 1534 erns
450 1464 516 1540 peti
536 1471 640 1524 terras
656 1463 765 1524 iubes?
797 1471 845 1521 aut
868 1464 1104 1539 miserationis‚9

68 1553 101 1606 nt
116 1546 206 1606 Sinon
220 1547 296 1625 apud
310 1545 490 1623 Vergilium:

110 1627 179 1773 lpse
196 1645 275 1708 quoe
289 1650 336 1692 rne
353 1632 450 1706 tellus,
468 1633 576 1708 inquit,
594 1645 674 1708 quoe
690 1649 737 1691 rne
754 1645 894 1709 aequore
906 1639 1035 1710 possunt

140 1715 285 1793 ccipere?
298 1749 341 1760 —

70 1806 119 1858 aut
137 1798 261 1858 instandi
283 1807 312 1858 et
327 1797 504 1859 auferendae
523 1796 774 1873 dissimulationis,
800 1807 831 1857 ut
854 1798 988 1858 Asinius:
1009 1795 1075 1860 Au·

68 1883 179 1944 disrre?
192 1883 351 1962 furiosum,
366 1883 502 1960 inquurn,
515 1901 575 1943 non
585 1881 788 1961 inofficiosum
800 1889 1009 1944 testamentum
1024 1902 1075 1945 re-

66 1967 295 2046 prehendimus.
328 1964 431 2025 'l'otum
442 1965 500 2025 hoc
512 1965 629 2044 plenum
643 1974 688 2025 est
699 1966 863 2034 varietatis;
882 1983 946 2026 nam
959 1974 989 2025 et
1004 1967 1124 2031 indi-10.

67 2051 198 2129 gnationi
215 2051 365 2110 convenit:

221 2170 264 2181 —
285 2131 324 2195 Et
338 2137 499 2213 quisqwrn
515 2152 627 2194 numen
642 2131 770 2195 Iunonis
790 2134 924 2195 adoret?

68 2225 97 2277 et
116 2217 310 2278 admirationi:

255 2336 298 2347 —
313 2298 396 2374 Quid
409 2321 470 2362 non
485 2303 628 2363 mortulrn
640 2308 770 2381 pectore
788 2301 882 2380 copis,

255 2381 336 2447 Auri
349 2404 447 2446 suero
459 2386 579 2464 fumes?
594 2421 636 2431 -

68 2465 124 2528 nst
138 2469 252 2529 iuterim
268 2471 363 2530 acrius
381 2469 541 2548 imperandi
558 2488 668 2549 genus:
1084 2480 1116 2536 11

153 2549 222 2616 Non
237 2572 327 2615 urrnu
342 2552 507 2632 eupedient
521 2560 642 2633 totoque
657 2544 697 2614 ed>
710 2553 789 2614 urbe
805 2554 993 2630 sequentur?

66 2633 106 2696 Et
120 2636 177 2715 ipsi
193 2646 306 2698 uosmet
328 2655 480 2714 rogamus;
504 2638 589 2717 quale
612 2645 657 2696 est
677 2634 749 2696 illud
765 2634 968 2695 Terentianum
993 2632 1077 2708 Quid

65 2719 162 2799 ipitur
173 2720 313 2799 funum?
347 2720 400 2781 Est
422 2721 518 2800 aliqua
535 2723 619 2782 etiam
635 2722 664 2779 iu
687 2718 952 2798 respondendo
971 2720 1075 2797 ligura,
1085 2733 1117 2786 ra

68 2821 134 2863 oum
146 2802 223 2865 aliud
239 2806 429 2882 interroganti
445 2804 480 2864 ad
501 2804 595 2881 aliud,
621 2804 688 2883 quia
703 2805 747 2863 sic
762 2804 859 2863 utilius
878 2805 926 2880 rit,
946 2806 1074 2864 occurri·

66 2896 127 2957 tur:
150 2897 208 2947 tum
232 2888 355 2966 augendi
373 2890 497 2948 oriminis
513 2890 623 2966 gratia,
649 2896 680 2947 ut
702 2887 786 2947 testis
802 2889 831 2947 iu
846 2907 927 2947 reum
943 2896 1074 2966 rogatus,

67 2989 104 3032 an
119 2971 156 3030 ab
171 2989 224 3032 reo
246 2973 369 3033 fustibus
391 2970 577 3052 vapulasset,
602 2969 644 3034 Ει
657 2975 813 3049 innocens,
829 2973 934 3051 inquit:
951 2972 1074 3033 tum-de·

68 3055 209 3132 alinandi,
233 3057 310 3136 quod
331 3065 376 3117 est
398 3057 679 3136 frequentissimum:
697 3055 838 3134 Quaero,
863 3076 906 3118 un
921 3057 1076 3119 occideris

67 3140 242 3202 nomnen?
269 3141 483 3221 respondetur,
514 3139 678 3204 latronem
684 3165 698 3211 ;
725 3160 767 3202 en
786 3141 919 3219 fundum
938 3159 1074 3218 occupo-

67 3224 175 3286 oera‘s?
204 3221 409 3304 respondetur,
426 3223 537 3297 Menan.
567 3226 606 3287 Ut
622 3226 837 3286 confessionem
853 3225 1011 3304 praecedat
1025 3223 1073 3283 de·
1084 3229 1117 3285 lit

66 3307 179 3369 fensio:
202 3317 234 3368 ut
254 3309 330 3388 apud
344 3308 505 3387 Vergilium
519 3311 548 3369 in
566 3309 712 3370 Bucolicis
729 3309 847 3384 dicenti,

195 3389 264 3455 Non
280 3413 335 3473 epo
350 3400 379 3455 te
392 3395 457 3455 nidi
470 3392 629 3470 Damonis,
642 3395 787 3474 pessime,
805 3410 935 3470 cuprum

195 3472 353 3557 Excipere
367 3478 514 3540 insidiis?
528 3511 571 3524 -
