2408 3854
131 194 193 258 240
473 205 510 255 nr.
530 205 608 253 ran.
631 201 841 265 qu1nr1n1sn

130 381 331 442 nonnunquam
349 363 456 423 excidit
476 363 539 440 ipsa
559 358 712 420 simulatio.
744 359 815 421 indo
832 362 1003 422 immodesto
1024 381 1135 444 propo·

89 459 123 511 13
132 456 210 522 nunt,
227 450 289 507 sine
305 446 417 525 pudore
433 445 583 505 aiiirmant.
613 444 751 521 Sequitur
766 446 794 503 in
809 446 854 521 iis,
872 463 947 524 quaa
963 456 1074 507 eertum
1090 460 1136 509 est

132 531 209 591 eiiioi
224 548 282 590 non
299 547 406 608 posse,
429 528 567 588 deformis
588 529 747 605 pertinacia
765 538 795 588 et
816 531 913 588 irritus
929 530 1022 591 labor.
1061 530 1135 593 Nam

130 618 204 674 siout
225 617 253 674 in
275 615 379 674 vitain
402 614 497 672 causis
521 627 639 691 quoque
662 630 732 696 spes
754 612 901 690 improbas
916 614 1032 675 habeut.
1063 614 1135 676 Fre·

130 707 254 777 quanter
279 707 374 757 autem
395 695 515 772 accidit,
544 703 575 755 ut
600 695 753 755 hisatium
778 714 848 757 vera
874 696 1037 758 dicentibus
1060 699 1134 761 tides

130 783 215 857 desit,
231 781 421 858 videaturque
436 779 501 838 talis
517 779 676 840 advocatus
691 779 785 839 malae
802 798 908 841 causae
924 778 1133 860 argumentum.

22 900 24 904 -
89 877 123 929 14
217 864 300 924 Nune
322 864 358 924 de
380 866 415 923 iis
437 862 590 924 doendum
613 871 675 937 est,
699 880 773 940 quae
795 864 863 923 mihi
886 868 968 943 quasi
984 869 1154 944 oonspira·v

133 953 212 1009 tione
231 948 351 1026 quadam
368 948 448 1025 vulgi
469 946 622 1007 reclamari
640 946 782 1009 vitientur.
814 945 920 1008 Orator
936 966 1008 1027 ergo
1025 948 1134 1010 Demo·

129 1033 247 1092 sthenes
273 1028 420 1092 nonfuit?
443 1033 521 1110 atqui
542 1030 646 1091 malurn
668 1031 760 1091 virum
782 1033 960 1109 accepimus.
996 1032 1063 1092 Non
1086 1032 1133 1094 Gi·

130 1113 221 1176 eero?
237 1118 315 1194 atqui
329 1115 412 1174 huius
429 1131 545 1192 quoque
560 1131 658 1174 mores
673 1113 754 1175 multi
768 1115 1027 1193 reprehenderunt.
1058 1117 1135 1191 Quid

130 1197 234 1278 agam?
250 1217 352 1277 magna
368 1200 503 1276 responsi
518 1198 624 1260 invidia
640 1197 787 1259 subeunda
806 1207 861 1275 est,
878 1200 1051 1278 mitigandae
1068 1211 1135 1260 sunt

89 1286 319 1362 15priusaures.
352 1281 422 1342 itini
443 1283 518 1343 enim
541 1299 596 1342 neo
613 1279 829 1343 Demosthenes
850 1292 907 1344 tam
924 1285 1006 1361 gravi
1021 1301 1133 1345 morum

129 1369 231 1444 dignus
247 1368 360 1428 videtur
375 1365 498 1441 invidia,
523 1375 553 1425 ut
577 1367 689 1441 omniu,
716 1384 791 1446 quae
813 1368 842 1426 in
866 1385 930 1427 eum
951 1367 987 1427 ab
1009 1369 1132 1428 inimicis

129 1459 270 1527 congesta
285 1459 364 1524 sunt,
389 1450 522 1525 credam,
546 1467 609 1511 cum
631 1449 824 1529 pulcherrima
841 1452 903 1510 eius
919 1452 947 1509 in
962 1469 995 1510 re
1015 1451 1133 1529 publiea

87 1533 249 1596 looonsitia
276 1542 305 1592 et
331 1533 417 1592 finem
444 1533 520 1593 vitae
550 1533 659 1594 clarum
684 1533 794 1611 legam;
832 1552 888 1594 neo
910 1533 1011 1595 Marso
1036 1533 1132 1596 Tullio

128 1617 258 1678 defuisse
274 1616 361 1677 video
384 1617 413 1675 in
434 1616 493 1676 ulla
510 1626 593 1694 parte
609 1618 680 1677 civis
696 1619 796 1695 optimi
809 1618 996 1679 voluntatem.
1037 1617 1132 1680 'Festi-

95 1702 98 1707 '
127 1702 223 1760 monio
236 1710 281 1760 est
293 1709 374 1761 aetus
390 1699 569 1761 nobilissime
587 1701 763 1776 consulatus,
780 1702 966 1779 integerrime
982 1704 1133 1780 provintia

128 1784 321 1846 administrata
344 1793 373 1843 et
396 1784 563 1861 repudiatus
585 1786 810 1862 vigintiviratus,
835 1793 864 1844 ot
882 1785 1014 1845 civilibus
1032 1786 1131 1863 bellis,

127 1869 247 1949 quaein
263 1877 387 1928 aetatem
404 1869 466 1927 eius
481 1869 651 1944 gravissima
666 1868 837 1944 inciderunt,
855 1887 951 1949 neque
967 1887 1020 1947 spe
1035 1888 1132 1949 nequa

126 1961 204 2013 metu
223 1951 386 2012 declinatus
404 1952 541 2027 animus,
553 1968 610 2029 quo
634 1952 724 2012 minus
748 1954 864 2030 optimis
883 1971 916 2012 se
931 1952 1078 2031 partibus,
1102 1953 1131 2014 id

85 2041 118 2096 li
128 2045 172 2095 est
188 2035 231 2094 rei
246 2035 397 2113 publicae,
420 2037 563 2112 iungeret.
600 2035 702 2097 Parum
723 2035 806 2095 fortis
821 2037 935 2097 ridetur
950 2036 1132 2115 quibusdam,

127 2119 231 2199 quibus
260 2121 367 2197 optime
393 2118 545 2196 respondit
569 2121 649 2198 ipse,
678 2138 739 2180 noo
762 2140 794 2181 aa
817 2121 1008 2182 timidnmin
1030 2123 1132 2184 maei-

123 2204 249 2282 pirodio
263 2204 320 2264 aad
333 2205 366 2263 io
379 2204 584 2281 providendis
595 2203 765 2282 pertram,-
793 2203 872 2282 quod
887 2203 1023 2281 probavit
1036 2214 1132 2265 morte

85 2291 119 2346 18
127 2303 244 2366 quoque
262 2287 342 2363 ipsa,
367 2304 451 2365 quarn
467 2288 715 2364 praestantissimo
732 2289 861 2366 suscepit
877 2288 980 2349 animo.
1019 2287 1133 2362 Quodsi

128 2369 219 2430 detuit
234 2370 278 2429 his
294 2370 363 2428 viris
381 2388 489 2429 summa
504 2372 610 2430 virtus:
638 2371 920 2450 sioquaerentihus,
943 2389 979 2431 an
997 2382 1132 2434 oratores

126 2454 249 2529 inerint,
273 2452 478 2533 respondebo,
503 2453 649 2532 quomodo
666 2455 773 2529 Stoici,
795 2455 819 2513 si
843 2456 1074 2533 interrogentur,
1096 2475 1133 2517 an

127 2539 244 2616 sapiens
269 2537 367 2614 Zeno,
388 2556 424 2598 an
447 2534 620 2613 Cleanthes,
645 2556 680 2598 an
698 2535 896 2616 Chrysippus,
922 2538 1131 2617 respondeant,

128 2619 257 2700 Magnos
278 2623 401 2700 quidem
415 2622 484 2682 iilos
505 2640 545 2684 oo
560 2621 767 2697 naamahites,
786 2641 847 2684 noo
860 2632 961 2684 tameo
975 2624 1024 2699 id,
1049 2625 1133 2703 quod

85 2707 239 2767 limatura
259 2707 387 2767 dominis
406 2723 555 2766 summum
578 2705 685 2783 iubet,
714 2714 900 2768 consecutor.
917 2720 919 2723 ·
936 2704 1008 2767 Nam
1031 2716 1061 2767 et
1077 2707 1132 2783 Py·

127 2788 264 2864 thagoras
288 2805 345 2848 non
368 2789 529 2865 sapientem
553 2807 602 2864 se,
630 2797 660 2849 ut
681 2789 730 2868 qui
752 2799 903 2851 antaeum
924 2790 1054 2866 inerunt,
1077 2789 1132 2851 sed

127 2872 284 2932 studiosum
311 2872 472 2949 supientiae
495 2874 595 2932 vocari
620 2872 721 2932 voluit.
760 2871 826 2950 Ego
852 2883 947 2935 tamen
973 2874 1133 2935 seeundum

127 2971 306 3016 communem
332 2954 471 3033 loquendi
497 2957 734 3016 consuetudinem
761 2974 852 3035 saepe
879 2958 939 3020 dixi
966 2958 1130 3036 dicamque,

126 3039 289 3116 perfeetum
304 3047 451 3098 oratorem
469 3057 536 3101 esse
554 3038 740 3110 Ciceronem
758 3050 788 3100 ut
807 3042 916 3101 amieos
932 3049 962 3100 et
976 3040 1072 3101 bonos
1089 3043 1131 3101 ri-

76 3145 79 3149 ·
126 3139 176 3181 ros
193 3131 221 3181 et
242 3122 483 3200 prudentissimos
500 3124 621 3184 dioimus
635 3125 743 3201 vulgo,
765 3141 887 3204 quorum
905 3124 975 3185 nihil
990 3125 1045 3186 nisi
1063 3145 1131 3204 per·

126 3204 205 3265 iente
230 3206 354 3283 sapienti
378 3206 470 3266 datur.
503 3207 562 3268 Sed
583 3226 647 3267 oum
667 3209 787 3286 proprie
809 3217 839 3268 et
861 3208 896 3269 ad
918 3209 1015 3287 legem
1038 3210 1132 3287 ipsam

126 3288 257 3349 veritatis
276 3289 451 3368 loquendum
467 3292 537 3349 erit:
561 3308 624 3350 eum
645 3309 784 3369 quaeram
806 3301 968 3369 oratorem,
990 3311 1077 3372 quem
1102 3304 1132 3355 et

82 3372 175 3432 notite
202 3373 371 3450 quaerebat.
409 3373 577 3451 Quanquam
604 3375 679 3434 enim
703 3377 821 3436 stetisse
844 3377 991 3455 ipsum-in
1010 3377 1129 3455 fastigio

50 3455 287 3632 “aa
302 3460 368 3533 vix,
385 3458 452 3537 quid
474 3458 558 3518 adiici
574 3459 717 3537 potuerit,
740 3461 871 3536 invenio,
888 3460 1014 3521 fortasse
1029 3463 1130 3522 invan-
