2408 3854
130 177 164 237 10
438 191 474 238 ur.
492 190 570 238 uss.
588 156 807 250 Quruurnmur

127 347 202 402 nium
223 345 251 401 in
267 343 354 402 lilium
376 334 590 421 peregrinitatis
611 363 691 403 reum
707 345 789 413 dixit;
810 364 892 422 eum,
915 346 962 423 qui
979 346 1067 405 filium
1086 347 1129 406 le·

126 429 192 486 noni
214 426 350 486 vendidit.
393 425 512 501 lnhoc,
543 428 579 486 de
605 444 662 506 quo
686 427 844 506 loquimur,
874 439 956 507 patre
983 429 1051 507 quid
1078 447 1128 508 ap·

83 511 266 588 adprehendi
282 506 401 588 potest?
444 509 599 570 Damnatus
616 520 670 570 est.
703 511 845 590 Numquid
859 514 945 589 igitur
962 512 1011 571 lex
1026 511 1062 572 ad
1079 513 1128 573 ab·

125 595 237 654 solutos
252 602 359 653 tantum
377 602 475 671 patres
491 591 634 671 pertinet?
670 594 748 655 Dura
764 598 854 674 prima
870 595 965 655 fronte
983 599 1126 674 quaestio.

123 677 189 736 Non
204 678 408 755 desperemus;
434 677 573 738 credibile
592 687 652 753 est,
676 677 733 738 hoc
748 679 877 739 voluisse
895 679 1127 756 legumlatorem,

20 825 25 835 ⁴
125 780 162 820 ne
177 760 281 820 auxilia
297 760 453 820 liberorum
469 761 669 820 innocentibus
686 762 833 822 deessent.
876 763 935 822 Sed
953 763 1010 821 hoc
1026 762 1126 823 dicere

125 845 232 903 rustico
247 843 442 904 verecundum
458 854 518 920 est,
542 848 608 922 quia
626 847 807 906 innocentem
823 846 913 906 luisse
929 855 1039 924 patrem
1053 846 1126 907 iate·

68 935 179 988 titur.
218 926 275 986 Dat
295 928 372 987 aliud
397 938 595 1006 argumentum
618 931 833 990 controversia:
854 929 1028 991 Domnulus
1049 949 1126 1008 pro·
1154 1001 1159 1006 .

125 1013 248 1072 ditionis
269 1031 337 1072 cam
356 1013 508 1073 aduocato
527 1014 636 1074 exalet.
671 1012 730 1073 Vix
751 1013 864 1073 videtur
883 1031 972 1092 posse
995 1014 1075 1089 lieri,
1097 1023 1127 1074 ut

125 1111 219 1173 poena
231 1094 300 1153 «filio
321 1097 350 1153 iu
374 1095 478 1155 eodem
493 1105 591 1174 patre,
617 1106 646 1156 et
663 1098 688 1157 si
709 1097 822 1157 affuerit
838 1106 867 1157 et
882 1099 907 1157 si
928 1115 985 1157 non
1001 1097 1125 1173 alluerit,

125 1179 278 1238 constituta
294 1181 340 1237 sit.
383 1177 538 1239 Praeterea
553 1180 603 1240 lex
620 1180 655 1240 ad
671 1181 773 1241 exules
790 1181 867 1242 nulla
885 1183 1018 1259 pertinet.
1060 1181 1126 1240 Non

124 1280 196 1338 ergo
221 1260 360 1322 credibile
376 1271 421 1321 est
436 1263 472 1322 de
488 1263 630 1324 advocato
645 1257 767 1325 damuati
784 1267 936 1344 scriptum;
960 1284 996 1325 an
1013 1267 1127 1343 possint

78 1355 113 1408 58
124 1349 196 1405 enim
213 1345 289 1405 bona
311 1364 378 1404 esse
394 1345 454 1406 ulla
476 1345 610 1406 exulis‘l·
629 1347 827 1409 Scholasticus
849 1350 878 1408 in
893 1358 1042 1426 utramque
1060 1362 1125 1426 par·

122 1439 180 1488 tem
205 1429 320 1488 dubium
339 1429 421 1501 iacit:
451 1430 575 1490 disertus
598 1440 628 1491 et
648 1432 745 1492 verbis
768 1431 943 1506 inhaerebit,
957 1426 1000 1490 'in
1021 1430 1145 1509 quibus.

121 1514 199 1573 nulla
218 1515 354 1591 exceptio
377 1522 437 1590 est,
461 1524 490 1573 et
505 1524 626 1593 propter
641 1516 698 1576 boc
712 1518 805 1594 ipsum
826 1532 949 1593 poenam
965 1533 1032 1573 esse
1055 1532 1126 1573 con·

121 1593 248 1659 stitutam
263 1600 321 1672 eis,
345 1600 466 1676 quinon
485 1599 634 1674 affuerint,
657 1617 693 1657 ue
709 1598 840 1676 periculo
860 1598 938 1657 exilii
956 1597 1126 1657 deterrean-

120 1693 165 1741 tur
177 1680 384 1754 advocatione,
400 1692 429 1742 et
440 1684 577 1742 rusticum
589 1684 733 1741 innocenti
744 1699 801 1740 non
814 1681 931 1754 affuisse
944 1682 1030 1741 dicet.
1049 1680 1126 1741 lllud

120 1767 249 1844 protinus
265 1783 323 1824 uon
338 1765 498 1843 indignum,
515 1765 592 1843 quod
612 1761 780 1840 annotetur,
805 1782 895 1842 posse
920 1783 958 1823 ex
974 1781 1030 1823 uuo
1048 1773 1124 1824 statu

120 1850 190 1908 duas
213 1850 368 1926 generales
390 1851 452 1909 lieri
475 1849 676 1927 quaestiones,
698 1848 744 1907 An
769 1844 920 1926 quisquis?
947 1865 983 1908 an
1007 1849 1124 1907 cuicun-

77 1930 196 2011 coquet
229 1931 310 1994 llaec
328 1951 365 1992 ex
383 1931 492 1992 duabus
507 1929 640 2009 personis
657 1933 787 2010 quaesita
804 1941 879 1991 sunt.
911 1930 957 1991 lix
973 1933 1058 1990 tertia
1076 1949 1124 1991 ar·

120 2026 191 2092 tem,
214 2034 288 2094 quae
311 2027 355 2076 est
374 2016 549 2090 adversarii,
572 2017 649 2076 nulla
672 2018 741 2076 oriri
764 2017 895 2094 quaestio
919 2023 1033 2093 potest,
1058 2015 1124 2092 quia

119 2100 196 2159 nulla
216 2100 247 2159 iit
270 2100 350 2160 eide
371 2118 422 2158 sua
440 2109 522 2176 parte
541 2102 751 2159 controversia.
790 2099 923 2160 Nondum
938 2108 1033 2159 tamen
1054 2116 1125 2157 cura

119 2183 243 2242 deliciat.
288 2181 346 2242 Ista
370 2184 445 2241 enim
468 2184 561 2242 omnia
583 2182 639 2242 dici
661 2192 782 2262 possent
803 2186 888 2243 etiam
913 2199 970 2241 non
987 2183 1123 2242 restituto

118 2275 210 2344 patre.
250 2264 313 2324 Nec
329 2267 422 2324 statim
439 2282 476 2325 eo
493 2264 658 2342 tendamus,
681 2266 760 2344 quod
775 2267 903 2325 occurrit
924 2265 1017 2341 ultro,
1040 2283 1056 2324 a
1077 2284 1124 2324 ru·

119 2351 192 2409 stioo
214 2351 385 2408 restitutum.
434 2348 489 2421 Qui
514 2348 658 2409 subtiliter
684 2358 823 2428 quaeret,
848 2349 956 2427 aliquid
977 2348 1126 2427 spectabit

119 2433 208 2501 ultra;
235 2450 315 2504 nam,
340 2441 370 2491 ut
393 2450 486 2509 genus
507 2435 624 2511 species
646 2435 792 2510 sequitur,
816 2435 854 2493 ita
877 2434 1007 2511 speciem
1029 2449 1125 2508 genus

75 2515 276 2594 capraecedit.
315 2514 470 2593 Fingamus
492 2534 564 2593 ergo
585 2515 620 2576 ab
642 2517 699 2578 alio
720 2518 897 2576 restitutum:
923 2517 1126 2576 ratiocinativa

119 2619 170 2658 seu
187 2599 342 2660 collectiva
357 2601 489 2679 quaestio
506 2602 630 2676 orietur,
655 2598 703 2661 Aa
718 2602 867 2662 restitutio
880 2618 939 2679 pro
952 2600 1127 2661 sublatione

117 2685 227 2745 iudicii
244 2685 285 2745 sit
300 2693 331 2744 et
349 2683 481 2762 proinde
494 2685 614 2760 voleat,
634 2703 674 2746 oc
695 2685 723 2745 si
742 2685 891 2745 iudicium
912 2702 972 2744 auo
991 2683 1126 2761 fuisset?

117 2767 173 2826 Ubi
200 2766 350 2845 temptabit
372 2768 496 2827 rusticus
522 2767 637 2843 dicere,
666 2786 702 2827 ne
721 2769 877 2846 impetrare
903 2766 1018 2845 quidem
1040 2765 1126 2824 aliter

119 2853 251 2928 potuisse
266 2868 383 2910 suorum
396 2853 607 2911 restitutionem
618 2868 674 2910 uno
687 2853 816 2930 praemio
828 2851 882 2910 nisi
894 2859 977 2928 patre
990 2848 1124 2926 proinde,
1159 2884 1162 2891 -

119 2936 193 2994 acsi
210 2943 363 2995 accusatus
378 2952 435 2994 non
451 2945 546 3011 esset,
569 2946 724 3011 revocato,
742 2953 817 3012 quae
838 2952 886 2993 res
902 2932 1037 2993 advocati
1053 2949 1125 3011 quo·

76 3035 110 3090 61
121 3037 177 3096 que
194 3035 334 3096 poenam,
357 3027 491 3096 tanquam
510 3021 533 3078 is
557 3036 613 3078 non
629 3019 774 3094 affuisset,
792 3018 946 3078 remiserit.
986 3014 1059 3074 Tum
1075 3034 1125 3075 ue·

119 3103 210 3160 nimus
234 3101 270 3163 ad
292 3102 336 3177 id,
360 3103 437 3179 quod
453 3105 572 3181 primum
588 3101 777 3176 occurrebat,
800 3102 939 3160 arustioo
957 3116 1025 3160 esse
1040 3099 1125 3159 resti·

121 3194 209 3244 tutum
225 3195 345 3265 patrem.
386 3184 442 3245 Ubi
458 3204 556 3247 rursus
573 3187 792 3260 ratiocinamur,
815 3203 851 3244 an
864 3185 1016 3243 restitutor
1031 3183 1126 3262 accipi

86 3346 87 3349 Ἴ
120 3269 226 3329 debeat
242 3287 296 3347 pro
312 3269 472 3345 advocato,
494 3269 607 3348 quaudo
623 3268 651 3328 id
665 3269 858 3347 praestiterit,
875 3267 952 3345 quod
966 3266 1127 3327 advocatus

120 3354 216 3431 petiit;
247 3371 302 3412 nec
321 3353 481 3432 improbum
502 3355 539 3413 sit
560 3369 614 3431 pro
635 3352 720 3412 simili
742 3353 850 3429 accipi,
881 3350 959 3429 quod
980 3349 1046 3427 plus
1069 3359 1125 3410 est.

77 3435 243 3514 dtlleliqua
269 3439 323 3496 iam
347 3439 517 3516 aequitatis,
545 3438 634 3495 utrius
661 3437 762 3495 iustius
788 3435 825 3494 sit
850 3427 1047 3494 desiderium?
1093 3431 1126 3494 ld
