2408 3854
139 188 197 250 tto
452 202 489 248 u.
504 200 582 248 sus.
599 201 818 261 omunmmur

132 357 209 416 milia
225 364 290 414 sunt
309 355 358 416 illa
375 373 440 416 meo
460 355 573 433 quidem
590 352 706 430 iudicio,
725 357 752 414 in
771 354 873 433 quibus
888 355 979 417 verba
995 356 1136 419 decenter

134 440 251 519 pudoris
267 442 358 517 gratia
374 439 591 500 subtrahuntur:
865 501 873 512 ¹

230 520 376 584 Novimus
390 532 419 586 et
434 525 487 600 qui
501 531 539 598 te,
556 530 734 584 transuerso
752 523 903 584 tuentibus
918 524 1023 600 diruis,

233 603 275 666 m
288 623 357 684 quo,
373 608 431 668 red
444 606 555 686 sorites
570 602 730 685 Nymphae
744 608 853 683 risere,
867 609 993 671 sacello.

91 683 213 758 sollario
228 690 341 768 quidam
356 690 544 769 aposiopesin
561 698 675 768 putant,
692 689 808 749 trustra.
839 689 927 767 Nam,
945 691 994 752 illa
1010 691 1079 770 qnid
1093 700 1135 752 ta·

133 783 213 849 cent,
232 776 372 834 incertum
388 782 497 833 estant
518 781 599 833 certe
615 772 749 851 longiore
765 791 898 834 sermone
921 775 1135 855 explicandum,

133 858 180 918 lric
194 875 279 917 unum
300 856 419 918 verbnm
443 867 472 917 et
493 857 673 917 manifestum
688 857 820 936 quidem,
842 858 1040 928 desideratum
1060 876 1136 938 quae

132 944 156 1000 si
174 942 359 1020 aposiopesis
375 950 436 1016 est,
457 941 526 1001 nihil
543 957 616 1015 nnn,
636 943 735 1019 inquo
752 942 836 1002 deest
851 943 974 1020 aliquid,
994 943 1069 1003 idem
1085 960 1135 1021 ap-

90 1024 297 1104 tlpellabitur.
331 1023 395 1085 Nec
411 1043 468 1103 ego
484 1024 555 1086 illud
579 1024 693 1103 quidem
710 1026 897 1104 aposiopesin
913 1043 1029 1105 semper
1045 1043 1135 1100 roco,

107 1146 112 1153 ·
133 1111 236 1187 inquo
254 1127 302 1169 res
319 1126 509 1188 quaecunque
525 1107 695 1187 relinquitur
717 1107 919 1187 intelligenda,
946 1119 977 1170 nt
998 1127 1092 1188 aeque
1107 1111 1137 1169 in

133 1192 266 1272 epistolis
278 1191 399 1253 Cicero:
415 1192 500 1255 Dato
513 1191 747 1272 Lupercalibus,
764 1208 823 1271 quo
834 1195 885 1256 die
894 1191 1043 1256 Antonius
1056 1190 1135 1254 Oue-

131 1277 217 1346 snri;
233 1293 289 1336 non
306 1278 380 1337 enim
396 1276 515 1336 obtinuit
530 1285 578 1336 ant
593 1276 670 1352 lusit,
688 1278 754 1355 qnia
771 1276 839 1337 nihil
855 1276 902 1336 lric
920 1277 996 1337 alind
1009 1277 1134 1354 intelligi

91 1369 247 1438 utpoterat
270 1378 353 1439 qnam
373 1359 447 1436 hoc,
472 1361 618 1422 diademo
639 1361 790 1439 imposuit.
832 1361 933 1421 Altera
954 1369 1000 1420 est
1014 1378 1068 1440 par
1082 1359 1134 1419 de-

133 1444 302 1503 tractionem
325 1445 431 1521 dgnm,
455 1443 491 1503 de
515 1462 571 1522 qun
594 1442 680 1503 modo
702 1444 824 1519 dietum,
849 1446 894 1504 nni
916 1444 1136 1504 coniunctiones

133 1528 302 1586 eximuntur.
335 1525 443 1602 Tertia,
463 1545 536 1606 quae
552 1527 655 1587 dicitur
672 1526 908 1607 συνεζευγμένον,
932 1529 960 1587 in
977 1545 1033 1606 qua
1049 1545 1135 1587 unum
1179 1603 1184 1611 ,

133 1611 169 1670 ad
184 1608 304 1669 verbnm
318 1610 418 1689 plures
434 1612 595 1670 sententiae
609 1610 788 1686 referuntur,
811 1629 929 1690 quarum
944 1629 1136 1690 unaquaeque

133 1693 314 1754 desideraret
328 1693 410 1770 illud,
426 1696 450 1755 si
461 1695 524 1754 sola
540 1703 706 1772 poneretur.
738 1693 769 1754 ld
784 1696 890 1755 accidit
905 1704 953 1755 aut
964 1696 1135 1774 praeposito

132 1775 241 1853 verbo,
270 1777 305 1838 ad
327 1777 405 1857 quod
427 1778 541 1858 reliqna
563 1779 735 1857 respiciant:
763 1775 840 1840 Vicit
857 1781 1008 1858 pudorem
1028 1779 1135 1853 libido,

133 1862 269 1924 imorem
285 1863 435 1939 audacia,
453 1863 770 1930 recommemorata·
792 1871 840 1922 aut
858 1861 956 1939 illato,
973 1879 1030 1941 qno
1052 1860 1135 1940 plura

134 1944 300 2006 cluduntur:
329 1943 435 2024 Neque
457 1948 536 2009 euim
559 1948 588 2008 is
608 1944 832 2023 cs‚⁴0otiliuu‚
856 1955 889 2007 ut
909 1955 938 2007 te
959 1954 1014 2009 aut
1032 1947 1136 2025 pudor

132 2045 269 2108 uuquam
289 2049 310 2093 u
330 2031 522 2111 turpitudine
541 2040 601 2103 out¹
616 2039 713 2092 metus
736 2049 757 2090 u
776 2031 918 2108 periculo
938 2038 992 2091 out
1012 2031 1093 2091 ratio
1114 2048 1135 2091 a

91 2115 239 2194 tofurore
259 2115 461 2178 revocaverit.
499 2113 622 2174 lledinm
648 2128 765 2192 qnoque
787 2121 885 2191 potest
901 2131 984 2188 esse,
1009 2112 1087 2193 qnod
1106 2120 1135 2172 et

133 2196 277 2273 prioribus
301 2206 330 2256 et
345 2196 533 2275 sequentibus
548 2196 681 2256 snldcint.
718 2195 812 2274 iungit
833 2206 927 2256 autem
950 2205 980 2256 et
1001 2196 1135 2256 diversos

135 2297 241 2353 sexus,
266 2288 297 2337 nt
319 2298 381 2339 cnm
396 2297 503 2339 marem
525 2280 717 2358 feminamque
732 2279 811 2358 {iiior
827 2280 961 2356 dicimus,
984 2289 1014 2340 et
1036 2281 1134 2357 singu-

90 2362 204 2423 idlaria
219 2360 378 2440 pluralibus
393 2365 505 2423 miscet.
541 2363 600 2424 Sed
617 2363 690 2424 haec
706 2365 780 2424 ndeo
796 2373 860 2423 sunt
877 2363 1017 2440 vulgaria,
1034 2371 1065 2423 nt
1080 2362 1135 2423 sibi

133 2454 223 2505 artem
239 2445 392 2522 figurarum
407 2464 542 2507 asserere
557 2463 614 2506 non
629 2449 750 2526 possint.
781 2447 856 2508 illud
868 2447 954 2526 plane
970 2447 1061 2524 ligura
1078 2455 1134 2517 eet,

133 2547 189 2608 qua
205 2530 319 2591 diversa
335 2532 476 2590 sermonis
492 2531 583 2593 forma
600 2533 796 2609 coniungitur:

463 2615 621 2677 -Sociis
637 2624 721 2691 tunc,
737 2633 827 2678 armo
844 2623 1018 2693 capessunt,
1064 2659 1065 2662 ,

258 2695 368 2775 Edico,
384 2707 413 2760 ct
428 2701 501 2761 diro
516 2701 625 2762 betium
643 2717 712 2760 cum
725 2706 815 2778 pente
827 2699 1007 2775 parendum.

134 2782 270 2856 Quamvis
282 2783 356 2841 enim
368 2800 436 2861 pars
452 2784 530 2846 bello
545 2784 693 2861 posterior
706 2783 859 2861 participio
875 2782 1003 2841 insistat:
1019 2781 1135 2857 ntriqne

134 2867 269 2925 convenit
285 2865 356 2925 illud
372 2867 469 2928 edico.
506 2867 571 2926 Non
592 2867 691 2944 utique
711 2863 898 2926 detractionis
920 2866 1013 2942 gratia
1027 2865 1133 2924 iactam

134 2950 364 3009 coniunctionem
384 2949 586 3011 durocortorum
604 2958 726 3025 vocant,
749 2967 824 3028 qnae
851 2948 921 3008 duas
939 2967 988 3009 res
1002 2947 1136 3007 diversas

135 3032 271 3109 colligat:
296 3030 371 3093 Tum
392 3034 477 3096 deest
498 3052 612 3108 auaro,
635 3033 836 3111 duodicim,
862 3048 954 3110 quum
975 3032 1058 3109 quod
1073 3049 1134 3092 non

91 3117 230 3177 titubet.
266 3114 338 3174 Huic
358 3115 500 3176 diversam
521 3117 622 3176 volunt
644 3134 710 3176 esse
739 3117 964 3192 distinctionem,
988 3112 1134 3176 cuidant

134 3216 237 3259 nomen
247 3193 499 3279 παραδιασνολήν,
516 3203 585 3278 qnia*
593 3200 695 3260 similia
707 3199 922 3260 discernuntur:
940 3197 1015 3260 Cum
1032 3208 1062 3262 te
1072 3215 1134 3276 pro

133 3291 232 3344 urtuto
249 3285 416 3362 sapientem
430 3285 577 3362 appeller,
592 3302 650 3361 pro
667 3284 837 3361 confidente
850 3284 977 3362 fortem,
1000 3301 1058 3361 pro
1071 3282 1133 3343 uu-

133 3367 232 3428 deruli
247 3368 429 3444 ditipeutem.
461 3366 545 3440 Quod
560 3376 650 3427 totum
665 3367 773 3446 pendet
790 3384 828 3426 ex
845 3367 990 3442 finitione,
1006 3366 1132 3444 ideoque

133 3468 169 3510 an
183 3450 273 3529 ligura
290 3451 328 3510 sit
346 3448 454 3509 dubito.
486 3447 539 3510 (lui
555 3453 698 3512 contraria
716 3459 761 3510 est
777 3467 826 3526 ea,
850 3468 905 3529 qna
928 3451 958 3510 int
974 3468 1013 3510 ex
1026 3449 1132 3510 ricinia
