<?xml version="1.0" encoding="UTF-8"?>
<!DOCTYPE html PUBLIC "-//W3C//DTD XHTML 1.0 Transitional//EN"
    "http://www.w3.org/TR/xhtml1/DTD/xhtml1-transitional.dtd">
<html xmlns="http://www.w3.org/1999/xhtml" xml:lang="en" lang="en">
 <head>
  <title>
</title>
<meta http-equiv="Content-Type" content="text/html;charset=utf-8" />
  <meta name='ocr-system' content='tesseract 3.04.00' />
  <meta name='ocr-capabilities' content='ocr_page ocr_carea ocr_par ocr_line ocrx_word'/>
</head>
<body>
  <div class='ocr_page' id='page_1' title='image "./mfabiiquintilia08quingoog_0171.png"; bbox 0 0 2408 3854; ppageno 0'>
   <div class='ocr_carea' id='block_1_1' title="bbox 158 203 836 274">
    <p class='ocr_par' dir='ltr' id='par_1_1' title="bbox 158 203 836 274">
     <span class='ocr_line' id='line_1_1' title="bbox 158 203 836 274; baseline -0.006 -10"><span class='ocrx_word' id='word_1_1' title='bbox 158 203 216 266; x_wconf 82' lang='lat'><strong>146</strong></span> <span class='ocrx_word' id='word_1_2' title='bbox 267 256 269 261; x_wconf 96' lang='lat'><em>.</em></span> <span class='ocrx_word' id='word_1_3' title='bbox 471 213 836 274; x_wconf 73' lang='lat' dir='ltr'><strong>u.sac.ou1un1n1nur</strong></span> 
     </span>
    </p>
   </div>
   <div class='ocr_carea' id='block_1_2' title="bbox 43 367 1160 3545">
    <p class='ocr_par' dir='ltr' id='par_1_2' title="bbox 152 367 1159 698">
     <span class='ocr_line' id='line_1_2' title="bbox 153 367 1158 452; baseline 0.003 -22"><span class='ocrx_word' id='word_1_4' title='bbox 153 369 228 431; x_wconf 90' lang='lat' dir='ltr'><strong>bene</strong></span> <span class='ocrx_word' id='word_1_5' title='bbox 251 387 318 429; x_wconf 87' lang='lat' dir='ltr'><strong>esse</strong></span> <span class='ocrx_word' id='word_1_6' title='bbox 340 369 547 448; x_wconf 90' lang='lat' dir='ltr'><strong>compositum,</strong></span> <span class='ocrx_word' id='word_1_7' title='bbox 574 367 628 427; x_wconf 91' lang='lat' dir='ltr'><strong>sed</strong></span> <span class='ocrx_word' id='word_1_8' title='bbox 649 369 715 446; x_wconf 91' lang='lat' dir='ltr'><strong>quia</strong></span> <span class='ocrx_word' id='word_1_9' title='bbox 737 367 835 445; x_wconf 90' lang='lat' dir='ltr'><strong>legem</strong></span> <span class='ocrx_word' id='word_1_10' title='bbox 856 367 930 429; x_wconf 85' lang='lat' dir='ltr'><strong>hauc</strong></span> <span class='ocrx_word' id='word_1_11' title='bbox 951 387 1019 430; x_wconf 88' lang='lat' dir='ltr'><strong>esse</strong></span> <span class='ocrx_word' id='word_1_12' title='bbox 1038 388 1158 452; x_wconf 91' lang='lat' dir='ltr'><strong>compo·</strong></span> 
     </span>
     <span class='ocr_line' id='line_1_3' title="bbox 153 450 1159 531; baseline 0.003 -18"><span class='ocrx_word' id='word_1_13' title='bbox 153 454 238 514; x_wconf 90' lang='lat' dir='ltr'><strong>nendi</strong></span> <span class='ocrx_word' id='word_1_14' title='bbox 260 454 289 512; x_wconf 90' lang='lat' dir='ltr'><strong>in</strong></span> <span class='ocrx_word' id='word_1_15' title='bbox 311 453 441 512; x_wconf 89' lang='lat' dir='ltr'><strong>omnibus</strong></span> <span class='ocrx_word' id='word_1_16' title='bbox 462 454 616 531; x_wconf 89' lang='lat' dir='ltr'><strong>principiis·</strong></span> <span class='ocrx_word' id='word_1_17' title='bbox 631 470 775 512; x_wconf 77' lang='lat' dir='ltr'>recusem.</span> <span class='ocrx_word' id='word_1_18' title='bbox 820 450 892 512; x_wconf 90' lang='lat' dir='ltr'><strong>Nam</strong></span> <span class='ocrx_word' id='word_1_19' title='bbox 918 455 1020 514; x_wconf 88' lang='lat' dir='ltr'><strong>iudicis</strong></span> <span class='ocrx_word' id='word_1_20' title='bbox 1047 457 1159 516; x_wconf 88' lang='lat' dir='ltr'><strong>animus</strong></span> 
     </span>
     <span class='ocr_line' id='line_1_4' title="bbox 152 535 1159 616; baseline 0.005 -21"><span class='ocrx_word' id='word_1_21' title='bbox 152 540 232 598; x_wconf 86' lang='lat' dir='ltr'><strong>varie</strong></span> <span class='ocrx_word' id='word_1_22' title='bbox 244 546 447 616; x_wconf 88' lang='lat' dir='ltr'><strong>praeparatur:</strong></span> <span class='ocrx_word' id='word_1_23' title='bbox 469 544 527 595; x_wconf 91' lang='lat' dir='ltr'><strong>tum</strong></span> <span class='ocrx_word' id='word_1_24' title='bbox 541 535 723 595; x_wconf 78' lang='lat' dir='ltr'><strong>miserabiles</strong></span> <span class='ocrx_word' id='word_1_25' title='bbox 738 553 805 596; x_wconf 86' lang='lat' dir='ltr'><strong>esse</strong></span> <span class='ocrx_word' id='word_1_26' title='bbox 820 536 951 596; x_wconf 87' lang='lat' dir='ltr'><strong>volumus</strong></span> <span class='ocrx_word' id='word_1_27' title='bbox 964 548 1022 597; x_wconf 92' lang='lat' dir='ltr'><strong>tum</strong></span> <span class='ocrx_word' id='word_1_28' title='bbox 1033 540 1159 600; x_wconf 77' lang='lat' dir='ltr'><strong>modesti</strong></span> 
     </span>
     <span class='ocr_line' id='line_1_5' title="bbox 152 617 1159 698; baseline 0.002 -17"><span class='ocrx_word' id='word_1_29' title='bbox 152 631 210 681; x_wconf 89' lang='lat' dir='ltr'><strong>tum</strong></span> <span class='ocrx_word' id='word_1_30' title='bbox 234 638 318 682; x_wconf 84' lang='lat' dir='ltr'><strong>acres</strong></span> <span class='ocrx_word' id='word_1_31' title='bbox 338 629 397 681; x_wconf 94' lang='lat' dir='ltr'><strong>tum</strong></span> <span class='ocrx_word' id='word_1_32' title='bbox 418 637 524 698; x_wconf 84' lang='lat' dir='ltr'><strong>graues</strong></span> <span class='ocrx_word' id='word_1_33' title='bbox 546 628 605 680; x_wconf 91' lang='lat' dir='ltr'><strong>tum</strong></span> <span class='ocrx_word' id='word_1_34' title='bbox 624 617 721 680; x_wconf 88' lang='lat' dir='ltr'><strong>blandi</strong></span> <span class='ocrx_word' id='word_1_35' title='bbox 741 629 799 679; x_wconf 89' lang='lat' dir='ltr'><strong>tnur</strong></span> <span class='ocrx_word' id='word_1_36' title='bbox 815 619 936 680; x_wconf 90' lang='lat' dir='ltr'><strong>dectere</strong></span> <span class='ocrx_word' id='word_1_37' title='bbox 958 631 1016 682; x_wconf 92' lang='lat' dir='ltr'><strong>tum</strong></span> <span class='ocrx_word' id='word_1_38' title='bbox 1037 623 1072 683; x_wconf 92' lang='lat' dir='ltr'><strong>ad</strong></span> <span class='ocrx_word' id='word_1_39' title='bbox 1094 623 1159 683; x_wconf 94' lang='lat' dir='ltr'><strong>dili·</strong></span> 
     </span>
    </p>

    <p class='ocr_par' dir='ltr' id='par_1_3' title="bbox 102 702 1159 951">
     <span class='ocr_line' id='line_1_6' title="bbox 102 702 1159 782; baseline 0.002 -17"><span class='ocrx_word' id='word_1_40' title='bbox 102 749 104 752; x_wconf 27' lang='grc' dir='ltr'><em>ψ</em></span> <span class='ocrx_word' id='word_1_41' title='bbox 152 706 278 782; x_wconf 89' lang='lat' dir='ltr'><strong>gentiam</strong></span> <span class='ocrx_word' id='word_1_42' title='bbox 293 704 413 764; x_wconf 89' lang='lat' dir='ltr'><strong>hortari.</strong></span> <span class='ocrx_word' id='word_1_43' title='bbox 444 702 525 763; x_wconf 87' lang='lat' dir='ltr'><strong>llaec</strong></span> <span class='ocrx_word' id='word_1_44' title='bbox 542 711 574 762; x_wconf 93' lang='lat' dir='ltr'><strong>ut</strong></span> <span class='ocrx_word' id='word_1_45' title='bbox 588 711 654 763; x_wconf 89' lang='lat' dir='ltr'><strong>sunt</strong></span> <span class='ocrx_word' id='word_1_46' title='bbox 669 703 785 763; x_wconf 84' lang='lat' dir='ltr'><strong>diversa</strong></span> <span class='ocrx_word' id='word_1_47' title='bbox 801 713 917 763; x_wconf 88' lang='lat' dir='ltr'><strong>natura:</strong></span> <span class='ocrx_word' id='word_1_48' title='bbox 933 706 972 765; x_wconf 90' lang='lat' dir='ltr'><strong>ita</strong></span> <span class='ocrx_word' id='word_1_49' title='bbox 989 704 1159 767; x_wconf 81' lang='lat' dir='ltr'><strong>dissimilem</strong></span> 
     </span>
     <span class='ocr_line' id='line_1_7' title="bbox 152 786 1158 867; baseline -0.001 -18"><span class='ocrx_word' id='word_1_50' title='bbox 152 788 344 867; x_wconf 90' lang='lat' dir='ltr'><strong>componendi</strong></span> <span class='ocrx_word' id='word_1_51' title='bbox 365 803 482 867; x_wconf 89' lang='lat' dir='ltr'><strong>quoque</strong></span> <span class='ocrx_word' id='word_1_52' title='bbox 505 787 645 847; x_wconf 89' lang='lat' dir='ltr'><strong>rationem</strong></span> <span class='ocrx_word' id='word_1_53' title='bbox 667 786 842 847; x_wconf 90' lang='lat' dir='ltr'><strong>desiderant.</strong></span> <span class='ocrx_word' id='word_1_54' title='bbox 887 786 933 847; x_wconf 87' lang='grc' dir='ltr'><strong>Αιι</strong></span> <span class='ocrx_word' id='word_1_55' title='bbox 954 789 1094 850; x_wconf 88' lang='lat' dir='ltr'><strong>similibus</strong></span> <span class='ocrx_word' id='word_1_56' title='bbox 1111 788 1158 850; x_wconf 87' lang='lat' dir='ltr'><strong>Gi-</strong></span> 
     </span>
     <span class='ocr_line' id='line_1_8' title="bbox 151 869 1158 951; baseline 0.002 -20"><span class='ocrx_word' id='word_1_57' title='bbox 151 889 221 932; x_wconf 90' lang='lat' dir='ltr'><strong>cero</strong></span> <span class='ocrx_word' id='word_1_58' title='bbox 243 890 312 931; x_wconf 88' lang='lat' dir='ltr'><strong>usus</strong></span> <span class='ocrx_word' id='word_1_59' title='bbox 332 880 378 931; x_wconf 89' lang='lat' dir='ltr'><strong>est</strong></span> <span class='ocrx_word' id='word_1_60' title='bbox 392 871 518 930; x_wconf 91' lang='lat' dir='ltr'><strong>numeris</strong></span> <span class='ocrx_word' id='word_1_61' title='bbox 540 871 568 929; x_wconf 91' lang='lat' dir='ltr'><strong>in</strong></span> <span class='ocrx_word' id='word_1_62' title='bbox 584 871 705 931; x_wconf 85' lang='lat' dir='ltr'><strong>exordio</strong></span> <span class='ocrx_word' id='word_1_63' title='bbox 723 887 776 950; x_wconf 91' lang='lat' dir='ltr'><strong>pro</strong></span> <span class='ocrx_word' id='word_1_64' title='bbox 790 869 917 948; x_wconf 81' lang='lat' dir='ltr'><strong>Milone,</strong></span> <span class='ocrx_word' id='word_1_65' title='bbox 940 889 993 951; x_wconf 89' lang='lat' dir='ltr'><strong>pro</strong></span> <span class='ocrx_word' id='word_1_66' title='bbox 1010 870 1158 949; x_wconf 78' lang='lat' dir='ltr'><strong>Cluentio,</strong></span> 
     </span>
    </p>

    <p class='ocr_par' dir='ltr' id='par_1_4' title="bbox 96 950 1160 1368">
     <span class='ocr_line' id='line_1_9' title="bbox 96 950 1158 1035; baseline 0.002 -21"><span class='ocrx_word' id='word_1_67' title='bbox 96 971 204 1035; x_wconf 64' lang='lat' dir='ltr'><strong>tstpro</strong></span> <span class='ocrx_word' id='word_1_68' title='bbox 220 950 358 1033; x_wconf 76' lang='lat' dir='ltr'><strong>Ligario?</strong></span> <span class='ocrx_word' id='word_1_69' title='bbox 402 953 535 1014; x_wconf 88' lang='lat' dir='ltr'><strong>Narratio</strong></span> <span class='ocrx_word' id='word_1_70' title='bbox 551 953 615 1015; x_wconf 85' lang='lat' dir='ltr'><strong>fere</strong></span> <span class='ocrx_word' id='word_1_71' title='bbox 635 954 778 1014; x_wconf 75' lang='lat' dir='ltr'><strong>tardiores</strong></span> <span class='ocrx_word' id='word_1_72' title='bbox 794 962 898 1033; x_wconf 87' lang='lat' dir='ltr'><strong>atque,</strong></span> <span class='ocrx_word' id='word_1_73' title='bbox 920 964 951 1015; x_wconf 90' lang='lat' dir='ltr'><strong>ut</strong></span> <span class='ocrx_word' id='word_1_74' title='bbox 966 958 1009 1017; x_wconf 92' lang='lat' dir='ltr'><strong>sio</strong></span> <span class='ocrx_word' id='word_1_75' title='bbox 1024 956 1158 1033; x_wconf 81' lang='lat' dir='ltr'><strong>dixerim,</strong></span> 
     </span>
     <span class='ocr_line' id='line_1_10' title="bbox 149 1036 1159 1117; baseline 0 -19"><span class='ocrx_word' id='word_1_76' title='bbox 149 1039 343 1099; x_wconf 78' lang='lat' dir='ltr'><strong>modestiores</strong></span> <span class='ocrx_word' id='word_1_77' title='bbox 356 1037 503 1098; x_wconf 89' lang='lat' dir='ltr'><strong>desiderat</strong></span> <span class='ocrx_word' id='word_1_78' title='bbox 514 1038 606 1117; x_wconf 86' lang='lat' dir='ltr'><strong>pedes</strong></span> <span class='ocrx_word' id='word_1_79' title='bbox 623 1047 653 1098; x_wconf 91' lang='lat' dir='ltr'><strong>et</strong></span> <span class='ocrx_word' id='word_1_80' title='bbox 668 1036 799 1098; x_wconf 90' lang='lat' dir='ltr'><strong>omnibus</strong></span> <span class='ocrx_word' id='word_1_81' title='bbox 813 1040 936 1098; x_wconf 85' lang='lat' dir='ltr'><strong>maxime</strong></span> <span class='ocrx_word' id='word_1_82' title='bbox 948 1040 1063 1099; x_wconf 84' lang='lat' dir='ltr'><strong>mixtos.</strong></span> <span class='ocrx_word' id='word_1_83' title='bbox 1086 1038 1159 1100; x_wconf 92' lang='lat' dir='ltr'><strong>Nam</strong></span> 
     </span>
     <span class='ocr_line' id='line_1_11' title="bbox 150 1121 1160 1201; baseline 0.001 -19"><span class='ocrx_word' id='word_1_84' title='bbox 150 1131 179 1182; x_wconf 91' lang='lat' dir='ltr'><strong>et</strong></span> <span class='ocrx_word' id='word_1_85' title='bbox 199 1121 316 1199; x_wconf 91' lang='lat' dir='ltr'><strong>verbis,</strong></span> <span class='ocrx_word' id='word_1_86' title='bbox 341 1131 372 1181; x_wconf 94' lang='lat' dir='ltr'><strong>ut</strong></span> <span class='ocrx_word' id='word_1_87' title='bbox 392 1122 510 1200; x_wconf 87' lang='lat' dir='ltr'><strong>saepius</strong></span> <span class='ocrx_word' id='word_1_88' title='bbox 531 1139 635 1201; x_wconf 86' lang='lat' dir='ltr'><strong>pressa</strong></span> <span class='ocrx_word' id='word_1_89' title='bbox 661 1130 722 1199; x_wconf 89' lang='lat' dir='ltr'><strong>est,</strong></span> <span class='ocrx_word' id='word_1_90' title='bbox 744 1123 783 1182; x_wconf 93' lang='lat' dir='ltr'><strong>ita</strong></span> <span class='ocrx_word' id='word_1_91' title='bbox 806 1123 920 1183; x_wconf 89' lang='lat' dir='ltr'><strong>interim</strong></span> <span class='ocrx_word' id='word_1_92' title='bbox 941 1125 1078 1201; x_wconf 88' lang='lat' dir='ltr'><strong>insurgit;</strong></span> <span class='ocrx_word' id='word_1_93' title='bbox 1106 1123 1160 1184; x_wconf 89' lang='lat' dir='ltr'><strong>sed</strong></span> 
     </span>
     <span class='ocr_line' id='line_1_12' title="bbox 149 1205 1159 1285; baseline -0.001 -17"><span class='ocrx_word' id='word_1_94' title='bbox 149 1207 258 1269; x_wconf 88' lang='lat' dir='ltr'><strong>docere</strong></span> <span class='ocrx_word' id='word_1_95' title='bbox 277 1215 306 1265; x_wconf 91' lang='lat' dir='ltr'><strong>et</strong></span> <span class='ocrx_word' id='word_1_96' title='bbox 321 1205 443 1283; x_wconf 89' lang='lat' dir='ltr'><strong>inligere</strong></span> <span class='ocrx_word' id='word_1_97' title='bbox 460 1206 560 1265; x_wconf 90' lang='lat' dir='ltr'><strong>animis</strong></span> <span class='ocrx_word' id='word_1_98' title='bbox 573 1223 623 1265; x_wconf 88' lang='lat' dir='ltr'><strong>res</strong></span> <span class='ocrx_word' id='word_1_99' title='bbox 639 1223 756 1284; x_wconf 89' lang='lat' dir='ltr'><strong>semper</strong></span> <span class='ocrx_word' id='word_1_100' title='bbox 772 1206 869 1284; x_wconf 89' lang='lat' dir='ltr'><strong>cupit,</strong></span> <span class='ocrx_word' id='word_1_101' title='bbox 892 1207 969 1285; x_wconf 93' lang='lat' dir='ltr'><strong>quod</strong></span> <span class='ocrx_word' id='word_1_102' title='bbox 984 1210 1100 1268; x_wconf 87' lang='lat' dir='ltr'><strong>minime</strong></span> <span class='ocrx_word' id='word_1_103' title='bbox 1115 1208 1159 1267; x_wconf 86' lang='lat' dir='ltr'><strong>le·</strong></span> 
     </span>
     <span class='ocr_line' id='line_1_13' title="bbox 149 1287 1159 1368; baseline 0.002 -19"><span class='ocrx_word' id='word_1_104' title='bbox 149 1292 312 1351; x_wconf 90' lang='lat' dir='ltr'><strong>stinautium</strong></span> <span class='ocrx_word' id='word_1_105' title='bbox 328 1305 402 1368; x_wconf 89' lang='lat' dir='ltr'><strong>opus</strong></span> <span class='ocrx_word' id='word_1_106' title='bbox 424 1297 479 1349; x_wconf 87' lang='lat' dir='ltr'><strong>est.</strong></span> <span class='ocrx_word' id='word_1_107' title='bbox 525 1287 570 1348; x_wconf 78' lang='lat' dir='ltr'><strong>Ac</strong></span> <span class='ocrx_word' id='word_1_108' title='bbox 589 1288 657 1348; x_wconf 90' lang='lat' dir='ltr'><strong>mibi</strong></span> <span class='ocrx_word' id='word_1_109' title='bbox 672 1289 786 1349; x_wconf 85' lang='lat' dir='ltr'><strong>videtur</strong></span> <span class='ocrx_word' id='word_1_110' title='bbox 799 1296 861 1349; x_wconf 90' lang='lat' dir='ltr'><strong>tota</strong></span> <span class='ocrx_word' id='word_1_111' title='bbox 878 1292 1004 1351; x_wconf 88' lang='lat' dir='ltr'><strong>narratio</strong></span> <span class='ocrx_word' id='word_1_112' title='bbox 1022 1301 1159 1352; x_wconf 78' lang='lat' dir='ltr'><strong>constare</strong></span> 
     </span>
    </p>

    <p class='ocr_par' dir='ltr' id='par_1_5' title="bbox 95 1371 1159 1705">
     <span class='ocr_line' id='line_1_14' title="bbox 95 1371 1159 1453; baseline 0.002 -19"><span class='ocrx_word' id='word_1_113' title='bbox 95 1380 142 1434; x_wconf 82' lang='lat'><strong>135</strong></span> <span class='ocrx_word' id='word_1_114' title='bbox 152 1373 333 1453; x_wconf 81' lang='lat' dir='ltr'><strong>longioribus</strong></span> <span class='ocrx_word' id='word_1_115' title='bbox 348 1372 502 1448; x_wconf 89' lang='lat' dir='ltr'><strong>membris,</strong></span> <span class='ocrx_word' id='word_1_116' title='bbox 522 1371 705 1432; x_wconf 87' lang='lat' dir='ltr'><strong>brevioribus</strong></span> <span class='ocrx_word' id='word_1_117' title='bbox 719 1374 859 1452; x_wconf 88' lang='lat' dir='ltr'><strong>periodis.</strong></span> <span class='ocrx_word' id='word_1_118' title='bbox 886 1372 1064 1451; x_wconf 79' lang='lat' dir='ltr'><strong>Argumenta</strong></span> <span class='ocrx_word' id='word_1_119' title='bbox 1080 1376 1159 1436; x_wconf 85' lang='lat' dir='ltr'><strong>acria</strong></span> 
     </span>
     <span class='ocr_line' id='line_1_15' title="bbox 149 1455 1158 1536; baseline -0.001 -18"><span class='ocrx_word' id='word_1_120' title='bbox 149 1467 179 1518; x_wconf 88' lang='lat' dir='ltr'><strong>et</strong></span> <span class='ocrx_word' id='word_1_121' title='bbox 194 1460 281 1519; x_wconf 90' lang='lat' dir='ltr'><strong>citata</strong></span> <span class='ocrx_word' id='word_1_122' title='bbox 295 1456 417 1536; x_wconf 88' lang='lat' dir='ltr'><strong>pedibus</strong></span> <span class='ocrx_word' id='word_1_123' title='bbox 430 1471 547 1535; x_wconf 91' lang='lat' dir='ltr'><strong>quoque</strong></span> <span class='ocrx_word' id='word_1_124' title='bbox 563 1457 598 1516; x_wconf 91' lang='lat' dir='ltr'><strong>ad</strong></span> <span class='ocrx_word' id='word_1_125' title='bbox 609 1455 683 1516; x_wconf 89' lang='lat' dir='ltr'><strong>hano</strong></span> <span class='ocrx_word' id='word_1_126' title='bbox 694 1465 823 1517; x_wconf 88' lang='lat' dir='ltr'><strong>naturam</strong></span> <span class='ocrx_word' id='word_1_127' title='bbox 835 1459 1060 1519; x_wconf 81' lang='lat' dir='ltr'><strong>accommodatis</strong></span> <span class='ocrx_word' id='word_1_128' title='bbox 1076 1467 1158 1518; x_wconf 89' lang='lat' dir='ltr'><strong>uten-</strong></span> 
     </span>
     <span class='ocr_line' id='line_1_16' title="bbox 149 1539 1157 1620; baseline 0 -19"><span class='ocrx_word' id='word_1_129' title='bbox 149 1552 211 1616; x_wconf 86' lang='lat' dir='ltr'><strong>tur,</strong></span> <span class='ocrx_word' id='word_1_130' title='bbox 228 1557 285 1608; x_wconf 90' lang='lat' dir='ltr'><strong>non</strong></span> <span class='ocrx_word' id='word_1_131' title='bbox 302 1549 397 1600; x_wconf 89' lang='lat' dir='ltr'><strong>tamen</strong></span> <span class='ocrx_word' id='word_1_132' title='bbox 412 1540 451 1600; x_wconf 87' lang='lat' dir='ltr'><strong>ita</strong></span> <span class='ocrx_word' id='word_1_133' title='bbox 468 1548 499 1599; x_wconf 92' lang='lat' dir='ltr'><strong>ut</strong></span> <span class='ocrx_word' id='word_1_134' title='bbox 514 1539 678 1615; x_wconf 89' lang='lat' dir='ltr'><strong>trochaeis,</strong></span> <span class='ocrx_word' id='word_1_135' title='bbox 696 1540 744 1619; x_wconf 90' lang='lat' dir='ltr'><strong>qui</strong></span> <span class='ocrx_word' id='word_1_136' title='bbox 760 1539 875 1600; x_wconf 87' lang='lat' dir='ltr'><strong>celeres</strong></span> <span class='ocrx_word' id='word_1_137' title='bbox 892 1540 1007 1620; x_wconf 88' lang='lat' dir='ltr'><strong>quidem</strong></span> <span class='ocrx_word' id='word_1_138' title='bbox 1023 1544 1077 1604; x_wconf 90' lang='lat' dir='ltr'><strong>sed</strong></span> <span class='ocrx_word' id='word_1_139' title='bbox 1092 1543 1157 1601; x_wconf 88' lang='lat' dir='ltr'><strong>siue</strong></span> 
     </span>
     <span class='ocr_line' id='line_1_17' title="bbox 149 1622 1158 1705; baseline 0.001 -21"><span class='ocrx_word' id='word_1_140' title='bbox 149 1624 257 1684; x_wconf 91' lang='lat' dir='ltr'><strong>viribus</strong></span> <span class='ocrx_word' id='word_1_141' title='bbox 280 1632 360 1692; x_wconf 89' lang='lat' dir='ltr'><strong>sunt;</strong></span> <span class='ocrx_word' id='word_1_142' title='bbox 390 1640 490 1683; x_wconf 85' lang='lat' dir='ltr'><strong>uerum</strong></span> <span class='ocrx_word' id='word_1_143' title='bbox 511 1623 562 1700; x_wconf 90' lang='lat' dir='ltr'><strong>iis,</strong></span> <span class='ocrx_word' id='word_1_144' title='bbox 587 1625 635 1702; x_wconf 91' lang='lat' dir='ltr'><strong>qui</strong></span> <span class='ocrx_word' id='word_1_145' title='bbox 654 1625 712 1683; x_wconf 90' lang='lat' dir='ltr'><strong>sint</strong></span> <span class='ocrx_word' id='word_1_146' title='bbox 732 1622 870 1683; x_wconf 86' lang='lat' dir='ltr'><strong>brevibus</strong></span> <span class='ocrx_word' id='word_1_147' title='bbox 889 1624 1044 1705; x_wconf 79' lang='lat' dir='ltr'><strong>longisque</strong></span> <span class='ocrx_word' id='word_1_148' title='bbox 1065 1626 1158 1701; x_wconf 80' lang='lat' dir='ltr'><strong>mixti,</strong></span> 
     </span>
    </p>

    <p class='ocr_par' dir='ltr' id='par_1_6' title="bbox 94 1705 1158 2372">
     <span class='ocr_line' id='line_1_18' title="bbox 94 1705 1157 1786; baseline 0 -18"><span class='ocrx_word' id='word_1_149' title='bbox 94 1711 206 1769; x_wconf 74' lang='lat' dir='ltr'><strong>ibonon</strong></span> <span class='ocrx_word' id='word_1_150' title='bbox 226 1717 321 1769; x_wconf 90' lang='lat' dir='ltr'><strong>tamen</strong></span> <span class='ocrx_word' id='word_1_151' title='bbox 338 1708 439 1786; x_wconf 88' lang='lat' dir='ltr'><strong>plures</strong></span> <span class='ocrx_word' id='word_1_152' title='bbox 462 1707 566 1784; x_wconf 88' lang='lat' dir='ltr'><strong>longus</strong></span> <span class='ocrx_word' id='word_1_153' title='bbox 584 1724 668 1786; x_wconf 88' lang='lat' dir='ltr'><strong>quam</strong></span> <span class='ocrx_word' id='word_1_154' title='bbox 689 1707 796 1766; x_wconf 88' lang='lat' dir='ltr'><strong>breves</strong></span> <span class='ocrx_word' id='word_1_155' title='bbox 817 1705 952 1768; x_wconf 88' lang='lat' dir='ltr'><strong>babeant.</strong></span> <span class='ocrx_word' id='word_1_156' title='bbox 997 1708 1051 1769; x_wconf 94' lang='lat' dir='ltr'><strong>llla</strong></span> <span class='ocrx_word' id='word_1_157' title='bbox 1067 1708 1157 1768; x_wconf 88' lang='lat' dir='ltr'><strong>subli-</strong></span> 
     </span>
     <span class='ocr_line' id='line_1_19' title="bbox 149 1790 1157 1871; baseline -0.002 -18"><span class='ocrx_word' id='word_1_158' title='bbox 149 1795 204 1853; x_wconf 84' lang='lat' dir='ltr'><strong>mia</strong></span> <span class='ocrx_word' id='word_1_159' title='bbox 227 1793 373 1871; x_wconf 88' lang='lat' dir='ltr'><strong>spatiosas</strong></span> <span class='ocrx_word' id='word_1_160' title='bbox 392 1791 547 1870; x_wconf 88' lang='lat' dir='ltr'><strong>clarasque</strong></span> <span class='ocrx_word' id='word_1_161' title='bbox 568 1808 660 1850; x_wconf 91' lang='lat' dir='ltr'><strong>voces</strong></span> <span class='ocrx_word' id='word_1_162' title='bbox 679 1790 800 1860; x_wconf 87' lang='lat' dir='ltr'><strong>habent;</strong></span> <span class='ocrx_word' id='word_1_163' title='bbox 829 1800 924 1851; x_wconf 87' lang='lat' dir='ltr'><strong>amant</strong></span> <span class='ocrx_word' id='word_1_164' title='bbox 942 1791 1157 1871; x_wconf 89' lang='lat' dir='ltr'><strong>amplitudinem</strong></span> 
     </span>
     <span class='ocr_line' id='line_1_20' title="bbox 150 1875 1158 1955; baseline -0.002 -19"><span class='ocrx_word' id='word_1_165' title='bbox 150 1875 257 1951; x_wconf 81' lang='lat' dir='ltr'><strong>dactyli</strong></span> <span class='ocrx_word' id='word_1_166' title='bbox 276 1892 391 1955; x_wconf 88' lang='lat' dir='ltr'><strong>quoque</strong></span> <span class='ocrx_word' id='word_1_167' title='bbox 413 1892 448 1935; x_wconf 87' lang='lat' dir='ltr'><strong>ac</strong></span> <span class='ocrx_word' id='word_1_168' title='bbox 468 1876 606 1952; x_wconf 89' lang='lat' dir='ltr'><strong>paeonis,</strong></span> <span class='ocrx_word' id='word_1_169' title='bbox 630 1876 740 1935; x_wconf 88' lang='lat' dir='ltr'><strong>etiarnsi</strong></span> <span class='ocrx_word' id='word_1_170' title='bbox 755 1875 865 1935; x_wconf 86' lang='lat' dir='ltr'><strong>maiore</strong></span> <span class='ocrx_word' id='word_1_171' title='bbox 884 1885 1019 1955; x_wconf 89' lang='lat' dir='ltr'><strong>exparte</strong></span> <span class='ocrx_word' id='word_1_172' title='bbox 1035 1875 1158 1952; x_wconf 75' lang='lat' dir='ltr'><strong>syllabis</strong></span> 
     </span>
     <span class='ocr_line' id='line_1_21' title="bbox 149 1956 1157 2038; baseline -0.002 -18"><span class='ocrx_word' id='word_1_173' title='bbox 149 1959 302 2036; x_wconf 89' lang='lat' dir='ltr'><strong>brevibus,</strong></span> <span class='ocrx_word' id='word_1_174' title='bbox 316 1958 495 2038; x_wconf 88' lang='lat' dir='ltr'><strong>temporibus</strong></span> <span class='ocrx_word' id='word_1_175' title='bbox 511 1968 606 2019; x_wconf 89' lang='lat' dir='ltr'><strong>tamen</strong></span> <span class='ocrx_word' id='word_1_176' title='bbox 621 1961 691 2018; x_wconf 89' lang='lat' dir='ltr'><strong>satis</strong></span> <span class='ocrx_word' id='word_1_177' title='bbox 706 1958 794 2038; x_wconf 89' lang='lat' dir='ltr'><strong>pleni.</strong></span> <span class='ocrx_word' id='word_1_178' title='bbox 839 1956 954 2038; x_wconf 80' lang='lat' dir='ltr'><strong>Aspera</strong></span> <span class='ocrx_word' id='word_1_179' title='bbox 971 1967 1073 2020; x_wconf 89' lang='lat' dir='ltr'><strong>contra</strong></span> <span class='ocrx_word' id='word_1_180' title='bbox 1088 1961 1157 2019; x_wconf 89' lang='lat' dir='ltr'><strong>iam·</strong></span> 
     </span>
     <span class='ocr_line' id='line_1_22' title="bbox 149 2041 1157 2121; baseline -0.002 -17"><span class='ocrx_word' id='word_1_181' title='bbox 149 2044 194 2106; x_wconf 88' lang='lat' dir='ltr'><strong>bis</strong></span> <span class='ocrx_word' id='word_1_182' title='bbox 209 2045 332 2104; x_wconf 86' lang='lat' dir='ltr'><strong>maxime</strong></span> <span class='ocrx_word' id='word_1_183' title='bbox 345 2043 539 2111; x_wconf 68' lang='lat' dir='ltr'><strong>comitantum</strong></span> <span class='ocrx_word' id='word_1_184' title='bbox 559 2059 616 2102; x_wconf 92' lang='lat' dir='ltr'><strong>non</strong></span> <span class='ocrx_word' id='word_1_185' title='bbox 630 2042 725 2102; x_wconf 88' lang='lat' dir='ltr'><strong>solum</strong></span> <span class='ocrx_word' id='word_1_186' title='bbox 741 2042 817 2121; x_wconf 95' lang='lat' dir='ltr'><strong>quod</strong></span> <span class='ocrx_word' id='word_1_187' title='bbox 831 2051 896 2103; x_wconf 89' lang='lat' dir='ltr'><strong>sunt</strong></span> <span class='ocrx_word' id='word_1_188' title='bbox 911 2062 927 2103; x_wconf 92' lang='lat' dir='ltr'><strong>e</strong></span> <span class='ocrx_word' id='word_1_189' title='bbox 944 2042 1054 2103; x_wconf 89' lang='lat' dir='ltr'><strong>duabus</strong></span> <span class='ocrx_word' id='word_1_190' title='bbox 1070 2041 1157 2102; x_wconf 93' lang='lat' dir='ltr'><strong>modo</strong></span> 
     </span>
     <span class='ocr_line' id='line_1_23' title="bbox 149 2125 1157 2206; baseline -0.001 -20"><span class='ocrx_word' id='word_1_191' title='bbox 149 2127 269 2204; x_wconf 74' lang='lat' dir='ltr'><strong>syllabis</strong></span> <span class='ocrx_word' id='word_1_192' title='bbox 289 2143 385 2206; x_wconf 88' lang='lat' dir='ltr'><strong>coque</strong></span> <span class='ocrx_word' id='word_1_193' title='bbox 400 2125 629 2205; x_wconf 78' lang='lat' dir='ltr'><strong>frequentiorem</strong></span> <span class='ocrx_word' id='word_1_194' title='bbox 645 2129 727 2204; x_wconf 88' lang='lat' dir='ltr'><strong>quasi</strong></span> <span class='ocrx_word' id='word_1_195' title='bbox 743 2126 857 2204; x_wconf 90' lang='lat' dir='ltr'><strong>pulsum</strong></span> <span class='ocrx_word' id='word_1_196' title='bbox 872 2125 996 2202; x_wconf 88' lang='lat' dir='ltr'><strong>babent,</strong></span> <span class='ocrx_word' id='word_1_197' title='bbox 1018 2143 1157 2204; x_wconf 90' lang='lat' dir='ltr'><strong>quaeres</strong></span> 
     </span>
     <span class='ocr_line' id='line_1_24' title="bbox 149 2209 1157 2290; baseline -0.002 -20"><span class='ocrx_word' id='word_1_198' title='bbox 149 2211 259 2270; x_wconf 92' lang='lat' dir='ltr'><strong>lenitati</strong></span> <span class='ocrx_word' id='word_1_199' title='bbox 276 2211 421 2271; x_wconf 91' lang='lat' dir='ltr'><strong>contraria</strong></span> <span class='ocrx_word' id='word_1_200' title='bbox 439 2217 500 2285; x_wconf 90' lang='lat' dir='ltr'><strong>est,</strong></span> <span class='ocrx_word' id='word_1_201' title='bbox 519 2209 669 2269; x_wconf 90' lang='lat' dir='ltr'><strong>sedetiam</strong></span> <span class='ocrx_word' id='word_1_202' title='bbox 686 2210 763 2288; x_wconf 95' lang='lat' dir='ltr'><strong>quod</strong></span> <span class='ocrx_word' id='word_1_203' title='bbox 778 2209 909 2269; x_wconf 88' lang='lat' dir='ltr'><strong>omnibus</strong></span> <span class='ocrx_word' id='word_1_204' title='bbox 925 2209 1048 2290; x_wconf 90' lang='lat' dir='ltr'><strong>pedibus</strong></span> <span class='ocrx_word' id='word_1_205' title='bbox 1063 2211 1157 2271; x_wconf 90' lang='lat' dir='ltr'><strong>insur-</strong></span> 
     </span>
     <span class='ocr_line' id='line_1_25' title="bbox 149 2291 1158 2372; baseline 0.002 -20"><span class='ocrx_word' id='word_1_206' title='bbox 149 2303 219 2372; x_wconf 88' lang='lat' dir='ltr'><strong>gunt</strong></span> <span class='ocrx_word' id='word_1_207' title='bbox 242 2303 305 2354; x_wconf 86' lang='lat' dir='ltr'><strong>cta</strong></span> <span class='ocrx_word' id='word_1_208' title='bbox 326 2291 463 2353; x_wconf 89' lang='lat' dir='ltr'><strong>brevibus</strong></span> <span class='ocrx_word' id='word_1_209' title='bbox 486 2294 516 2353; x_wconf 89' lang='lat' dir='ltr'><strong>in</strong></span> <span class='ocrx_word' id='word_1_210' title='bbox 535 2292 637 2370; x_wconf 93' lang='lat' dir='ltr'><strong>longas</strong></span> <span class='ocrx_word' id='word_1_211' title='bbox 659 2294 785 2353; x_wconf 89' lang='lat' dir='ltr'><strong>nituntur</strong></span> <span class='ocrx_word' id='word_1_212' title='bbox 806 2302 836 2353; x_wconf 90' lang='lat' dir='ltr'><strong>et</strong></span> <span class='ocrx_word' id='word_1_213' title='bbox 857 2303 1009 2370; x_wconf 89' lang='lat' dir='ltr'><strong>crescunt,</strong></span> <span class='ocrx_word' id='word_1_214' title='bbox 1030 2291 1158 2372; x_wconf 90' lang='lat' dir='ltr'><strong>ideoque</strong></span> 
     </span>
    </p>

    <p class='ocr_par' dir='ltr' id='par_1_7' title="bbox 92 2375 1158 2540">
     <span class='ocr_line' id='line_1_26' title="bbox 92 2375 1157 2456; baseline -0.001 -19"><span class='ocrx_word' id='word_1_215' title='bbox 92 2378 287 2456; x_wconf 75' lang='lat' dir='ltr'><strong>137meliores</strong></span> <span class='ocrx_word' id='word_1_216' title='bbox 310 2376 445 2452; x_wconf 88' lang='lat' dir='ltr'><strong>choreis,</strong></span> <span class='ocrx_word' id='word_1_217' title='bbox 475 2377 523 2455; x_wconf 89' lang='lat' dir='ltr'><strong>qui</strong></span> <span class='ocrx_word' id='word_1_218' title='bbox 548 2375 583 2436; x_wconf 91' lang='lat' dir='ltr'><strong>ab</strong></span> <span class='ocrx_word' id='word_1_219' title='bbox 609 2376 706 2455; x_wconf 87' lang='lat' dir='ltr'><strong>longis</strong></span> <span class='ocrx_word' id='word_1_220' title='bbox 731 2378 760 2436; x_wconf 90' lang='lat' dir='ltr'><strong>in</strong></span> <span class='ocrx_word' id='word_1_221' title='bbox 783 2376 889 2437; x_wconf 85' lang='lat' dir='ltr'><strong>breves</strong></span> <span class='ocrx_word' id='word_1_222' title='bbox 916 2377 1029 2439; x_wconf 88' lang='lat' dir='ltr'><strong>cadunt.</strong></span> <span class='ocrx_word' id='word_1_223' title='bbox 1075 2377 1157 2438; x_wconf 90' lang='lat' dir='ltr'><strong>Sum·</strong></span> 
     </span>
     <span class='ocr_line' id='line_1_27' title="bbox 149 2459 1158 2540; baseline 0 -20"><span class='ocrx_word' id='word_1_224' title='bbox 149 2463 253 2538; x_wconf 91' lang='lat' dir='ltr'><strong>missa,</strong></span> <span class='ocrx_word' id='word_1_225' title='bbox 281 2461 376 2540; x_wconf 86' lang='lat' dir='ltr'><strong>qualia</strong></span> <span class='ocrx_word' id='word_1_226' title='bbox 393 2462 422 2521; x_wconf 91' lang='lat' dir='ltr'><strong>in</strong></span> <span class='ocrx_word' id='word_1_227' title='bbox 437 2459 564 2539; x_wconf 76' lang='lat' dir='ltr'><strong>epilogis</strong></span> <span class='ocrx_word' id='word_1_228' title='bbox 580 2468 661 2538; x_wconf 91' lang='lat' dir='ltr'><strong>sunt,</strong></span> <span class='ocrx_word' id='word_1_229' title='bbox 687 2460 782 2521; x_wconf 89' lang='lat' dir='ltr'><strong>lentas</strong></span> <span class='ocrx_word' id='word_1_230' title='bbox 798 2461 906 2540; x_wconf 90' lang='lat' dir='ltr'><strong>etipsa</strong></span> <span class='ocrx_word' id='word_1_231' title='bbox 924 2461 977 2522; x_wconf 88' lang='lat' dir='ltr'><strong>sed</strong></span> <span class='ocrx_word' id='word_1_232' title='bbox 993 2462 1085 2520; x_wconf 90' lang='lat' dir='ltr'><strong>minus</strong></span> <span class='ocrx_word' id='word_1_233' title='bbox 1107 2478 1158 2520; x_wconf 82' lang='lat' dir='ltr'><strong>ex-</strong></span> 
     </span>
    </p>

    <p class='ocr_par' dir='ltr' id='par_1_8' title="bbox 150 2545 1157 2708">
     <span class='ocr_line' id='line_1_28' title="bbox 150 2545 451 2622; baseline -0.007 -16"><span class='ocrx_word' id='word_1_234' title='bbox 150 2545 307 2606; x_wconf 88' lang='lat' dir='ltr'><strong>clamantes</strong></span> <span class='ocrx_word' id='word_1_235' title='bbox 324 2546 451 2622; x_wconf 87' lang='lat' dir='ltr'><strong>exigunt.</strong></span> 
     </span>
     <span class='ocr_line' id='line_1_29' title="bbox 233 2626 1157 2708; baseline -0.003 -19"><span class='ocrx_word' id='word_1_236' title='bbox 233 2628 302 2689; x_wconf 86' lang='lat' dir='ltr'><strong>Vult</strong></span> <span class='ocrx_word' id='word_1_237' title='bbox 315 2647 383 2688; x_wconf 90' lang='lat' dir='ltr'><strong>esse</strong></span> <span class='ocrx_word' id='word_1_238' title='bbox 395 2626 501 2688; x_wconf 76' lang='lat' dir='ltr'><strong>Celsus</strong></span> <span class='ocrx_word' id='word_1_239' title='bbox 514 2629 639 2708; x_wconf 88' lang='lat' dir='ltr'><strong>aliquam</strong></span> <span class='ocrx_word' id='word_1_240' title='bbox 652 2637 681 2688; x_wconf 91' lang='lat' dir='ltr'><strong>et</strong></span> <span class='ocrx_word' id='word_1_241' title='bbox 693 2627 893 2706; x_wconf 82' lang='lat' dir='ltr'><strong>superbiorem</strong></span> <span class='ocrx_word' id='word_1_242' title='bbox 906 2629 1157 2707; x_wconf 88' lang='lat' dir='ltr'><strong>compositionem,</strong></span> 
     </span>
    </p>

    <p class='ocr_par' dir='ltr' id='par_1_9' title="bbox 43 2711 1158 2792">
     <span class='ocr_line' id='line_1_30' title="bbox 43 2711 1158 2792; baseline -0.004 -19"><span class='ocrx_word' id='word_1_243' title='bbox 43 2785 44 2788; x_wconf 8' lang='grc' dir='ltr'><strong>Ἴ</strong></span> <span class='ocrx_word' id='word_1_244' title='bbox 150 2731 235 2790; x_wconf 90' lang='lat' dir='ltr'><strong>quam</strong></span> <span class='ocrx_word' id='word_1_245' title='bbox 257 2713 392 2792; x_wconf 87' lang='lat' dir='ltr'><strong>equidem</strong></span> <span class='ocrx_word' id='word_1_246' title='bbox 407 2713 433 2771; x_wconf 88' lang='lat' dir='ltr'><strong>si</strong></span> <span class='ocrx_word' id='word_1_247' title='bbox 447 2713 569 2787; x_wconf 89' lang='lat' dir='ltr'><strong>scirem,</strong></span> <span class='ocrx_word' id='word_1_248' title='bbox 592 2728 649 2772; x_wconf 91' lang='lat' dir='ltr'><strong>nou</strong></span> <span class='ocrx_word' id='word_1_249' title='bbox 664 2711 819 2781; x_wconf 87' lang='lat' dir='ltr'><strong>dooerem;</strong></span> <span class='ocrx_word' id='word_1_250' title='bbox 841 2711 894 2772; x_wconf 93' lang='lat' dir='ltr'><strong>sed</strong></span> <span class='ocrx_word' id='word_1_251' title='bbox 910 2712 947 2772; x_wconf 88' lang='lat' dir='ltr'><strong>sit</strong></span> <span class='ocrx_word' id='word_1_252' title='bbox 962 2729 1090 2772; x_wconf 87' lang='lat' dir='ltr'><strong>necesse</strong></span> <span class='ocrx_word' id='word_1_253' title='bbox 1111 2719 1158 2784; x_wconf 81' lang='lat' dir='ltr'><strong>est</strong></span> 
     </span>
    </p>

    <p class='ocr_par' dir='ltr' id='par_1_10' title="bbox 150 2793 1158 2875">
     <span class='ocr_line' id='line_1_31' title="bbox 150 2793 1158 2875; baseline -0.002 -20"><span class='ocrx_word' id='word_1_254' title='bbox 150 2795 230 2856; x_wconf 89' lang='lat' dir='ltr'><strong>tarda</strong></span> <span class='ocrx_word' id='word_1_255' title='bbox 256 2805 285 2856; x_wconf 90' lang='lat' dir='ltr'><strong>et</strong></span> <span class='ocrx_word' id='word_1_256' title='bbox 301 2797 412 2875; x_wconf 82' lang='lat' dir='ltr'><strong>sup-ina.</strong></span> <span class='ocrx_word' id='word_1_257' title='bbox 456 2795 564 2855; x_wconf 86' lang='lat' dir='ltr'><strong>Vemm</strong></span> <span class='ocrx_word' id='word_1_258' title='bbox 579 2797 633 2856; x_wconf 89' lang='lat' dir='ltr'><strong>nisi</strong></span> <span class='ocrx_word' id='word_1_259' title='bbox 650 2813 688 2855; x_wconf 85' lang='lat' dir='ltr'><strong>ex</strong></span> <span class='ocrx_word' id='word_1_260' title='bbox 701 2793 800 2854; x_wconf 89' lang='lat' dir='ltr'><strong>verbis</strong></span> <span class='ocrx_word' id='word_1_261' title='bbox 820 2804 908 2873; x_wconf 91' lang='lat' dir='ltr'><strong>atque</strong></span> <span class='ocrx_word' id='word_1_262' title='bbox 930 2797 1082 2856; x_wconf 88' lang='lat' dir='ltr'><strong>sententiis</strong></span> <span class='ocrx_word' id='word_1_263' title='bbox 1104 2811 1158 2874; x_wconf 83' lang='lat' dir='ltr'><strong>per</strong></span> 
     </span>
    </p>

    <p class='ocr_par' dir='ltr' id='par_1_11' title="bbox 56 2879 945 2958">
     <span class='ocr_line' id='line_1_32' title="bbox 56 2879 945 2958; baseline -0.001 -21"><span class='ocrx_word' id='word_1_264' title='bbox 56 2919 59 2923; x_wconf 31' lang='lat'><strong>⁴</strong></span> <span class='ocrx_word' id='word_1_265' title='bbox 150 2896 218 2938; x_wconf 89' lang='lat' dir='ltr'><strong>sese</strong></span> <span class='ocrx_word' id='word_1_266' title='bbox 233 2879 262 2939; x_wconf 95' lang='lat' dir='ltr'><strong>id</strong></span> <span class='ocrx_word' id='word_1_267' title='bbox 280 2881 443 2958; x_wconf 88' lang='lat' dir='ltr'><strong>quaeritur,</strong></span> <span class='ocrx_word' id='word_1_268' title='bbox 462 2880 532 2939; x_wconf 85' lang='lat' dir='ltr'><strong>satis</strong></span> <span class='ocrx_word' id='word_1_269' title='bbox 549 2880 652 2940; x_wconf 87' lang='lat' dir='ltr'><strong>odiosa</strong></span> <span class='ocrx_word' id='word_1_270' title='bbox 669 2897 737 2939; x_wconf 91' lang='lat' dir='ltr'><strong>esse</strong></span> <span class='ocrx_word' id='word_1_271' title='bbox 755 2895 812 2938; x_wconf 92' lang='lat' dir='ltr'><strong>non</strong></span> <span class='ocrx_word' id='word_1_272' title='bbox 828 2880 945 2958; x_wconf 88' lang='lat' dir='ltr'><strong>poterit.</strong></span> 
     </span>
    </p>

    <p class='ocr_par' dir='ltr' id='par_1_12' title="bbox 92 2962 1158 3459">
     <span class='ocr_line' id='line_1_33' title="bbox 92 2962 1157 3041; baseline -0.002 -18"><span class='ocrx_word' id='word_1_273' title='bbox 92 2973 144 3028; x_wconf 77' lang='lat'><strong>138</strong></span> <span class='ocrx_word' id='word_1_274' title='bbox 236 2962 386 3041; x_wconf 85' lang='lat' dir='ltr'><strong>Denique,</strong></span> <span class='ocrx_word' id='word_1_275' title='bbox 408 2971 439 3022; x_wconf 92' lang='lat' dir='ltr'><strong>ut</strong></span> <span class='ocrx_word' id='word_1_276' title='bbox 455 2962 547 3022; x_wconf 88' lang='lat' dir='ltr'><strong>semel</strong></span> <span class='ocrx_word' id='word_1_277' title='bbox 563 2963 673 3039; x_wconf 88' lang='lat' dir='ltr'><strong>liniam,</strong></span> <span class='ocrx_word' id='word_1_278' title='bbox 697 2963 741 3022; x_wconf 89' lang='lat' dir='ltr'><strong>sic</strong></span> <span class='ocrx_word' id='word_1_279' title='bbox 758 2963 821 3022; x_wconf 88' lang='lat' dir='ltr'><strong>lere</strong></span> <span class='ocrx_word' id='word_1_280' title='bbox 839 2962 1070 3041; x_wconf 89' lang='lat' dir='ltr'><strong>componendum</strong></span> <span class='ocrx_word' id='word_1_281' title='bbox 1085 2977 1157 3040; x_wconf 90' lang='lat' dir='ltr'><strong>quo·</strong></span> 
     </span>
     <span class='ocr_line' id='line_1_34' title="bbox 150 3044 1157 3125; baseline -0.001 -20"><span class='ocrx_word' id='word_1_282' title='bbox 150 3044 235 3105; x_wconf 89' lang='lat' dir='ltr'><strong>modo</strong></span> <span class='ocrx_word' id='word_1_283' title='bbox 252 3045 489 3125; x_wconf 88' lang='lat' dir='ltr'><strong>pronuntiandum</strong></span> <span class='ocrx_word' id='word_1_284' title='bbox 513 3048 577 3106; x_wconf 87' lang='lat' dir='ltr'><strong>erit.</strong></span> <span class='ocrx_word' id='word_1_285' title='bbox 622 3045 667 3106; x_wconf 85' lang='grc' dir='ltr'><strong>Αιι</strong></span> <span class='ocrx_word' id='word_1_286' title='bbox 688 3062 746 3106; x_wconf 90' lang='lat' dir='ltr'><strong>uon</strong></span> <span class='ocrx_word' id='word_1_287' title='bbox 766 3047 795 3105; x_wconf 91' lang='lat' dir='ltr'><strong>in</strong></span> <span class='ocrx_word' id='word_1_288' title='bbox 814 3047 972 3124; x_wconf 88' lang='lat' dir='ltr'><strong>prooemiis</strong></span> <span class='ocrx_word' id='word_1_289' title='bbox 985 3045 1157 3125; x_wconf 89' lang='lat' dir='ltr'><strong>plerumque</strong></span> 
     </span>
     <span class='ocr_line' id='line_1_35' title="bbox 151 3128 1158 3209; baseline -0.001 -20"><span class='ocrx_word' id='word_1_290' title='bbox 151 3130 310 3206; x_wconf 89' lang='lat' dir='ltr'><strong>summissi,</strong></span> <span class='ocrx_word' id='word_1_291' title='bbox 330 3130 400 3209; x_wconf 88' lang='lat' dir='ltr'><strong>(nisi</strong></span> <span class='ocrx_word' id='word_1_292' title='bbox 416 3147 480 3189; x_wconf 88' lang='lat' dir='ltr'><strong>cnm</strong></span> <span class='ocrx_word' id='word_1_293' title='bbox 497 3131 525 3189; x_wconf 89' lang='lat' dir='ltr'><strong>in</strong></span> <span class='ocrx_word' id='word_1_294' title='bbox 540 3131 726 3192; x_wconf 84' lang='lat' dir='ltr'><strong>accusatione</strong></span> <span class='ocrx_word' id='word_1_295' title='bbox 742 3129 931 3190; x_wconf 88' lang='lat' dir='ltr'><strong>concitandus</strong></span> <span class='ocrx_word' id='word_1_296' title='bbox 947 3138 993 3190; x_wconf 89' lang='lat' dir='ltr'><strong>est</strong></span> <span class='ocrx_word' id='word_1_297' title='bbox 1005 3128 1094 3189; x_wconf 88' lang='lat' dir='ltr'><strong>iudex</strong></span> <span class='ocrx_word' id='word_1_298' title='bbox 1109 3136 1158 3189; x_wconf 87' lang='lat' dir='ltr'><strong>aut</strong></span> 
     </span>
     <span class='ocr_line' id='line_1_36' title="bbox 152 3212 1156 3293; baseline -0.004 -19"><span class='ocrx_word' id='word_1_299' title='bbox 152 3213 247 3292; x_wconf 89' lang='lat' dir='ltr'><strong>aliqua</strong></span> <span class='ocrx_word' id='word_1_300' title='bbox 267 3213 462 3290; x_wconf 79' lang='lat' dir='ltr'><strong>indignatione</strong></span> <span class='ocrx_word' id='word_1_301' title='bbox 487 3213 695 3293; x_wconf 89' lang='lat' dir='ltr'><strong>complendus)</strong></span> <span class='ocrx_word' id='word_1_302' title='bbox 722 3215 750 3273; x_wconf 85' lang='lat' dir='ltr'><strong>ln</strong></span> <span class='ocrx_word' id='word_1_303' title='bbox 773 3217 937 3274; x_wconf 80' lang='lat' dir='ltr'><strong>uenatione</strong></span> <span class='ocrx_word' id='word_1_304' title='bbox 966 3212 1045 3292; x_wconf 89' lang='lat' dir='ltr'><strong>pleni</strong></span> <span class='ocrx_word' id='word_1_305' title='bbox 1067 3220 1156 3291; x_wconf 88' lang='lat' dir='ltr'><strong>atque</strong></span> 
     </span>
     <span class='ocr_line' id='line_1_37' title="bbox 152 3296 1156 3376; baseline -0.004 -19"><span class='ocrx_word' id='word_1_306' title='bbox 152 3297 303 3376; x_wconf 86' lang='lat' dir='ltr'><strong>expressi,</strong></span> <span class='ocrx_word' id='word_1_307' title='bbox 321 3298 349 3356; x_wconf 89' lang='lat' dir='ltr'><strong>in</strong></span> <span class='ocrx_word' id='word_1_308' title='bbox 365 3298 540 3374; x_wconf 90' lang='lat' dir='ltr'><strong>argumentis</strong></span> <span class='ocrx_word' id='word_1_309' title='bbox 557 3298 635 3358; x_wconf 89' lang='lat' dir='ltr'><strong>citati</strong></span> <span class='ocrx_word' id='word_1_310' title='bbox 651 3306 737 3376; x_wconf 88' lang='lat' dir='ltr'><strong>atque</strong></span> <span class='ocrx_word' id='word_1_311' title='bbox 753 3299 819 3376; x_wconf 88' lang='lat' dir='ltr'><strong>ipso</strong></span> <span class='ocrx_word' id='word_1_312' title='bbox 839 3299 924 3376; x_wconf 86' lang='lat' dir='ltr'><strong>etiarn</strong></span> <span class='ocrx_word' id='word_1_313' title='bbox 940 3305 1019 3358; x_wconf 87' lang='lat' dir='ltr'><strong>motu</strong></span> <span class='ocrx_word' id='word_1_314' title='bbox 1039 3296 1156 3357; x_wconf 87' lang='lat' dir='ltr'><strong>celeres</strong></span> 
     </span>
     <span class='ocr_line' id='line_1_38' title="bbox 152 3377 1155 3459; baseline -0.003 -19"><span class='ocrx_word' id='word_1_315' title='bbox 152 3377 270 3440; x_wconf 80' lang='lat' dir='ltr'><strong>sumus?</strong></span> <span class='ocrx_word' id='word_1_316' title='bbox 300 3389 330 3441; x_wconf 87' lang='lat' dir='ltr'><strong>ut</strong></span> <span class='ocrx_word' id='word_1_317' title='bbox 356 3382 385 3440; x_wconf 88' lang='lat' dir='ltr'><strong>in</strong></span> <span class='ocrx_word' id='word_1_318' title='bbox 408 3381 483 3440; x_wconf 89' lang='lat' dir='ltr'><strong>locis</strong></span> <span class='ocrx_word' id='word_1_319' title='bbox 504 3397 539 3440; x_wconf 93' lang='lat' dir='ltr'><strong>ac</strong></span> <span class='ocrx_word' id='word_1_320' title='bbox 563 3379 805 3459; x_wconf 88' lang='lat' dir='ltr'><strong>descriptionibus</strong></span> <span class='ocrx_word' id='word_1_321' title='bbox 826 3381 883 3441; x_wconf 85' lang='lat' dir='ltr'><strong>lusi</strong></span> <span class='ocrx_word' id='word_1_322' title='bbox 904 3398 939 3441; x_wconf 91' lang='lat' dir='ltr'><strong>ac</strong></span> <span class='ocrx_word' id='word_1_323' title='bbox 961 3379 1101 3454; x_wconf 78' lang='lat' dir='ltr'><strong>fluentes,</strong></span> <span class='ocrx_word' id='word_1_324' title='bbox 1127 3378 1155 3437; x_wconf 91' lang='lat' dir='ltr'><strong>in</strong></span> 
     </span>
    </p>

    <p class='ocr_par' dir='ltr' id='par_1_13' title="bbox 91 3461 1156 3545">
     <span class='ocr_line' id='line_1_39' title="bbox 91 3461 1156 3545; baseline -0.007 -16"><span class='ocrx_word' id='word_1_325' title='bbox 91 3473 144 3529; x_wconf 72' lang='lat'><strong>239</strong></span> <span class='ocrx_word' id='word_1_326' title='bbox 153 3465 279 3542; x_wconf 87' lang='lat' dir='ltr'><strong>epilogis</strong></span> <span class='ocrx_word' id='word_1_327' title='bbox 294 3465 465 3544; x_wconf 89' lang='lat' dir='ltr'><strong>plerumque</strong></span> <span class='ocrx_word' id='word_1_328' title='bbox 483 3465 589 3525; x_wconf 88' lang='lat' dir='ltr'><strong>deiecti</strong></span> <span class='ocrx_word' id='word_1_329' title='bbox 604 3473 634 3525; x_wconf 89' lang='lat' dir='ltr'><strong>et</strong></span> <span class='ocrx_word' id='word_1_330' title='bbox 648 3461 784 3524; x_wconf 80' lang='lat' dir='ltr'><strong>infracti?</strong></span> <span class='ocrx_word' id='word_1_331' title='bbox 828 3462 916 3543; x_wconf 79' lang='lat' dir='ltr'><strong>Atqui</strong></span> <span class='ocrx_word' id='word_1_332' title='bbox 934 3463 1068 3545; x_wconf 85' lang='lat' dir='ltr'><strong>corporis</strong></span> <span class='ocrx_word' id='word_1_333' title='bbox 1084 3477 1156 3541; x_wconf 86' lang='lat' dir='ltr'><strong>quo·</strong></span> 
     </span>
    </p>
   </div>
   <div class='ocr_carea' id='block_1_3' title="bbox 0 0 1208 3854">
    <p class='ocr_par' dir='ltr' id='par_1_14' title="bbox 0 0 1208 3854">
     <span class='ocr_line' id='line_1_40' title="bbox 0 0 1208 3854; baseline 0 0"><span class='ocrx_word' id='word_1_334' title='bbox 0 0 1208 3854; x_wconf 95' lang='lat' dir='ltr'><strong> </strong></span> 
     </span>
    </p>
   </div>
  </div>
 </body>
</html>
