2408 3854
348 214 818 285 uusu.oauuon.a1s.vn1,6.
1047 210 1086 273 85

80 371 158 452 quod
177 373 270 432 oratio
288 389 470 450 nequaquam
484 372 617 450 recipiet.
655 371 695 432 Ah
712 373 739 432 id
756 373 870 451 quidem
886 384 947 453 osi,
964 386 1088 456 propter

80 456 158 536 quod
180 454 237 515 dici
252 464 355 534 tropus
377 456 487 534 possit,
505 456 571 533 quia
589 457 807 534 componendus
824 467 869 518 est
886 477 902 519 e
918 459 1030 520 duobus
1046 463 1087 522 iu·

79 539 228 600 teilecius.
265 537 402 618 Alioqui,
417 538 466 599 ubi
481 539 550 599 nihil
565 557 603 599 ex
618 541 830 618 significatione
845 553 981 604 mutatum
997 555 1042 605 est
1060 554 1129 611 eoo?

78 630 224 684 structura
244 623 309 684 sola
329 624 472 700 variatur,
496 622 588 700 figura
604 626 701 703 potius
720 625 876 686 uerborum
897 628 953 689 dici
976 638 1086 709 potest,

79 708 155 768 sicut
178 707 259 768 multi
284 708 492 767 existimarunt.
529 705 637 786 Longis
657 717 752 769 autem
774 708 943 788 hyperbatis
967 722 997 772 et
1019 732 1087 777 con·

78 791 152 852 man
170 809 245 869 quac
261 793 330 852 uitia
345 792 496 866 accidunt,
513 808 567 850 suo
584 791 652 852 ioco
669 792 800 853 diximus.

160 873 406 954 -Hypcrbolen
431 875 594 936 audacioris
618 885 735 936 ornatus
764 894 874 938 summo
902 879 970 940 loco
991 883 1086 960 posui.

78 957 133 1019 ort
147 957 223 1019 haec
238 959 347 1019 decens
364 960 429 1018 veri
444 960 634 1038 superiectio.
661 959 759 1021 Virtus
776 962 837 1021 cius
853 979 891 1021 ex
902 961 1019 1024 diuerso
1034 983 1088 1044 par

76 1041 206 1119 augendi
220 1051 307 1122 atque
322 1042 476 1103 minuendi.
511 1041 557 1102 Fu
571 1043 702 1121 pluribus
722 1044 824 1104 modis.
859 1043 918 1106 Aut
932 1049 1006 1107 enim
1022 1049 1129 1128 piceos

78 1126 158 1190 facio
176 1124 311 1187 dicimus:
335 1135 366 1186 ui
385 1124 514 1188 Vomens
527 1128 638 1206 tinstis
657 1130 820 1190 manicatis
833 1133 984 1208 premium
999 1152 1087 1194 suum

78 1218 109 1270 ci
125 1217 220 1271 iciam
236 1211 373 1272 tribunal
385 1211 538 1289 impicoii,·
559 1220 588 1271 et

60 1291 64 1296 ’
209 1328 246 1338 -
263 1293 439 1373 Geminique
461 1296 618 1357 minantur
638 1295 677 1357 In
693 1297 809 1360 cociam
823 1299 942 1378 scopuli
946 1321 960 1371 ,·
983 1336 1002 1376 0

78 1385 127 1442 aui
141 1396 193 1441 res
208 1395 263 1461 por
283 1377 496 1438 similitudinem
518 1379 691 1442 attollimus:

244 1498 287 1512 -
304 1460 426 1527 creans
439 1464 551 1523 innare
564 1465 707 1527 revulsos
723 1462 899 1546 Cycladum·

78 1557 128 1610 aut
143 1567 198 1629 per
213 1551 474 1629 comparutionem,
493 1556 524 1606 ut
1094 1561 1129 1617 59

370 1667 412 1679 -
431 1630 579 1693 Fulminis
599 1634 684 1694 ocior·
705 1633 784 1704 clim·

79 1725 129 1777 uui
142 1716 232 1794 siguis
246 1718 328 1796 quasi
342 1716 529 1796 quibusdam:

163 1799 224 1863 Ilia
241 1802 292 1863 oei
311 1802 448 1863 intactae
464 1802 575 1880 scyciis
592 1819 652 1880 per
673 1818 791 1861 marma
805 1803 922 1864 volaret

164 1885 312 1946 Gramina
326 1904 384 1946 nec
399 1891 522 1945 teneros
539 1902 634 1946 curma
648 1884 789 1946 iacsissei
798 1886 933 1954 aristas,-

77 1967 129 2030 vei
141 1967 345 2045 translatione,
361 1975 393 2027 ui
405 1969 499 2045 ipsum
517 1967 587 2027 illud
601 1969 729 2029 coloret.
774 1964 887 2027 Crescit
907 1968 1018 2026 inierim
1034 1966 1084 2042 hy·
1095 1980 1129 2034 70

78 2052 203 2132 perhola
229 2052 284 2113 alia
306 2055 426 2130 insuper
449 2051 560 2127 addita,
591 2059 622 2111 ui
642 2049 748 2112 Gicero
776 2053 804 2110 in
820 2051 974 2112 Antonium
1000 2050 1084 2111 dicii:

79 2135 169 2210 Quae
192 2133 366 2217 Charybdis
389 2143 451 2197 ium
470 2138 592 2197 ouras?
634 2133 812 2216 Charybdin
839 2137 932 2199 dico?
959 2137 1088 2214 quaesi

76 2222 154 2301 suit,
169 2221 230 2299 fait
243 2222 360 2283 animal
372 2239 485 2282 unum:
510 2217 671 2298 Oceanus,
694 2220 813 2283 medius
832 2220 942 2299 fidius,
965 2220 1020 2282 oia
1040 2220 1086 2280 oi-

79 2305 171 2366 uetur
186 2312 227 2366 iot
240 2324 307 2382 res,
330 2313 392 2367 ium
408 2305 592 2384 dissipatas,
615 2312 678 2367 iam
695 2306 879 2368 distantibus
892 2307 925 2366 in
939 2305 1014 2366 iocis
1028 2322 1085 2382 po-

77 2390 171 2464 sitas,
187 2396 250 2449 tam
261 2391 318 2451 cito
333 2389 500 2451 absorbere
511 2389 659 2468 potuisse.
683 2387 863 2468 Exquisitam
878 2406 949 2449 uero
968 2388 1087 2465 figuram
1094 2395 1127 2450 71

78 2472 163 2532 huius
178 2473 221 2531 rei
237 2471 466 2550 deprehendisse
483 2473 558 2553 apud
573 2475 734 2552 principem
752 2472 919 2549 Lyricorum
935 2471 1085 2531 Pindarum

46 2577 48 2580 ⁴
78 2555 183 2616 videor
198 2557 226 2615 iu
244 2555 335 2633 libro,
353 2575 437 2636 quern
453 2557 601 2636 inscripsit
614 2551 736 2635 ὕμνους.
769 2556 796 2615 Is
812 2574 935 2634 namque
950 2553 1085 2613 Herculis

78 2640 217 2717 impetum
232 2639 373 2700 adversus
388 2640 542 2719 Meropas,
569 2642 618 2720 qui
640 2643 668 2700 in
686 2639 778 2700 insula
796 2636 858 2699 Goo
884 2638 1016 2699 dicuntur
1035 2635 1086 2697 ha·

77 2722 206 2798 biiasse,
229 2739 286 2783 uon
305 2727 364 2803 igni
380 2742 435 2783 nec
449 2726 543 2785 veniis
561 2743 616 2785 uec
631 2727 702 2784 mari
723 2723 776 2783 sed
797 2723 905 2783 fulmini
923 2720 992 2781 dicii
1010 2721 1085 2779 simi·

78 2806 138 2867 lem
152 2807 261 2882 fuisse,
285 2817 315 2868 ut
342 2808 393 2868 illa
415 2809 540 2885 minora,
567 2809 625 2868 hoc
651 2816 815 2887 parasset.
859 2805 944 2880 Quod
962 2806 1085 2865 imitatus
1094 2810 1128 2867 72

79 2888 204 2951 cicero:
230 2890 281 2952 iila
311 2893 473 2972 composuit
496 2894 524 2951 in
544 2892 667 2952 Verrem
694 2889 886 2953 Versabatur
911 2892 944 2952 in
975 2889 1086 2951 Sicilia

78 2977 168 3054 ionyo
181 2976 343 3038 interuallo
356 2994 417 3038 non
426 2975 591 3055 Dionysius
603 2976 656 3037 iiie
665 2995 722 3037 nce
736 2973 895 3052 Phalaris,
907 2974 993 3054 '(iuiii
1007 2975 1087 3036 anim

77 3060 133 3121 idio
149 3060 303 3137 quondan
313 3062 416 3122 insuia
426 3061 536 3122 maltos
547 3067 576 3122 ci
586 3059 902 3140 crudelesiyronnos)
917 3059 974 3121 scd
989 3059 1086 3137 quod-

79 3145 154 3205 dam
169 3161 279 3205 nonum
293 3151 457 3207 monstrum
473 3162 514 3204 ca
527 3153 629 3207 uehere
646 3142 704 3206 iila
723 3142 928 3220 immanitate,
953 3159 1033 3221 quac
1054 3143 1087 3202 in

77 3228 189 3288 iisdem
214 3237 341 3290 uersata
362 3229 437 3290 iocis
460 3229 584 3290 dicitur.
626 3224 695 3289 Non
714 3228 793 3291 enim
821 3226 999 3308 Charybdin
1025 3234 1088 3285 tam

78 3311 223 3390 infestam
234 3328 334 3390 neque
344 3311 481 3392 Scyllam
490 3311 623 3374 nauibus
634 3327 727 3390 quana
737 3312 828 3373 isium
841 3313 874 3373 in
888 3312 994 3373 codem
1006 3310 1088 3388 froia

78 3395 177 3474 fuisse
192 3395 336 3458 arbitror·
372 3394 436 3456 Nec
453 3397 589 3475 pauciora
605 3403 669 3454 suut
690 3413 802 3472 genera
823 3392 983 3455 minuendi:
1096 3398 1130 3456 7³

315 3516 319 3522 -
384 3513 427 3525 -
444 3477 503 3542 Via
517 3480 636 3542 ossibus
647 3479 785 3541 hacrcni.
