2408 3854
137 173 198 236 214
458 189 495 235 Μ.
508 187 586 235 uns.
601 187 822 248 oonrmnmrn

93 347 147 426 do
221 343 286 405 Non
297 341 353 403 alia
369 349 415 401 est
426 349 521 402 autem
531 342 605 400 ratio
620 341 859 419 pronuntiationis
872 360 956 422 qnam
971 342 1064 421 ipsius
1080 361 1147 406 ors·

136 429 231 490 tionis
270 426 343 487 Nam
364 424 465 485 utillo
486 423 652 501 emendata,
676 423 819 501 dilueida,
847 435 964 504 ornata,
988 436 1056 505 epta
1078 445 1148 488 esse

137 512 238 573 debet:
264 513 304 570 ita
321 509 396 571 haee
414 524 531 586 quoque
548 509 826 585 emendatnerit,
849 509 878 569 id
896 519 959 587 est,
974 510 1046 570 vitio
1063 528 1147 572 eare-

135 595 192 671 bit,
213 595 238 654 si
255 594 342 654 fuerit
357 609 391 652 os
405 589 509 666 laeile,
532 590 733 670 explanatum,
751 552 921 670 iueubdum,
939 592 1095 672 urbanum,
1117 596 1147 656 id

136 688 191 755 est,
208 681 310 757 inquo
326 675 405 737 nolle
421 692 517 754 neque
532 675 678 736 rusticitas
694 693 790 754 neque
806 677 1000 755 peregrinitas
1015 688 1146 739 resonet.

93 767 127 820 31
135 762 200 823 Nou
221 763 295 823 enim
320 762 382 819 sine
411 775 499 819 eausa
520 758 623 819 dieitur
644 759 815 825 barborum
836 760 1034 824 Groenumoe.
1073 760 1148 823 llam

136 847 215 904 sonis
243 843 375 907 homines
400 850 432 901 ut
457 858 526 902 aera
552 843 654 902 tinnitu
679 842 885 921 dignoscimus.
926 843 969 905 lta
989 844 1040 904 liet
1062 843 1146 921 illud,

137 930 214 1008 quod
228 925 337 987 Ennius
359 924 479 1005 probat,
504 943 568 986 ounr
587 925 656 987 dioit
675 927 900 1005 waviloqaeoti
913 945 968 990 ore
984 925 1147 1007 (letbegnm

135 1013 243 1079 iuisss;
265 1028 323 1072 non
338 1009 417 1090 quod
432 1007 539 1070 Gieero
554 1011 583 1071 iu
597 1008 643 1070 bis
657 1009 861 1088 reprehendit,
881 1026 955 1090 quos
970 1012 1010 1072 ait
1026 1013 1147 1075 lutare

134 1114 196 1158 noo
217 1113 323 1176 apere.
359 1094 431 1155 Sunt
447 1095 522 1154 enim
536 1092 726 1170 multandis,
749 1093 906 1173 dequibus
930 1095 1005 1171 dixi,
1030 1114 1095 1156 oum
1116 1098 1145 1156 in

135 1179 258 1259 quadam
279 1179 362 1259 primi
385 1176 450 1238 libri
465 1185 548 1256 parte
560 1193 721 1257 puerorum
739 1195 791 1239 ora
806 1178 978 1255 formarem,
1003 1189 1144 1258 opportu-

135 1265 197 1323 nius
218 1272 315 1339 ratns,
341 1263 371 1322 in
391 1278 426 1322 ea
445 1269 540 1322 aetate
561 1259 662 1327 iacere
683 1260 799 1322 illorum
821 1264 1013 1339 mentionem,
1036 1265 1065 1323 in
1088 1280 1145 1342 qua

92 1354 127 1408 32
135 1346 281 1409 emendari
296 1353 428 1425 possunt.
458 1344 589 1423 itemque
604 1345 630 1404 si
644 1344 707 1423 ipsa
724 1362 784 1406 vox
798 1348 920 1424 primunr
934 1345 1038 1423 luerit,
1054 1356 1085 1406 ut
1100 1348 1146 1406 sie

136 1432 245 1505 dicum,
268 1448 357 1504 sana,
378 1428 408 1489 id
424 1437 485 1505 est,
507 1427 616 1489 nullum
631 1445 748 1505 eorum,
770 1429 807 1489 de
823 1429 928 1508 quibus
944 1429 1030 1490 modo
1045 1430 1144 1506 retuli,

135 1516 261 1593 patietur
281 1512 506 1581 incommodum
538 1512 641 1574 deinde
664 1529 723 1573 non
745 1512 848 1590 surda,
878 1513 973 1590 rudis,
1003 1515 1144 1590 immanis,

135 1597 221 1673 dura,
244 1597 354 1674 rigida,
377 1613 462 1671 rava,
485 1597 687 1676 praepinguis,
703 1604 751 1658 aut
765 1598 876 1673 tenuis,
892 1597 1001 1674 inanis,
1024 1597 1143 1674 aoerba,

135 1680 258 1759 pusilla,
281 1680 394 1756 mollis,
418 1679 595 1749 effeminata;
623 1681 741 1759 spiritus
765 1699 820 1741 nee
843 1680 942 1741 brevis
964 1699 1020 1742 neo
1043 1699 1145 1760 parum

136 1764 274 1825 durabilis
289 1783 344 1826 neo
360 1766 390 1825 in
404 1771 526 1843 receptu
541 1762 676 1825 diilloilis.

92 1859 127 1913 33
218 1848 392 1910 Dilucide
409 1865 482 1908 vero
498 1848 553 1908 erit
567 1850 761 1926 pronuntiatio
779 1850 910 1928 primum,
930 1849 956 1908 si
972 1846 1064 1908 verba
1080 1856 1142 1910 tote

137 1933 277 2009 exierint,
299 1950 420 2012 quorum
436 1950 504 2012 pars
525 1931 677 2008 devorari,
699 1950 768 2011 pars
784 1932 902 1993 destitui
917 1931 1013 2007 solet,
1038 1931 1143 2010 pleris-

138 2034 195 2093 que
216 2026 361 2078 extremas
377 2014 505 2092 syllabas
519 2032 578 2075 non
592 2015 822 2094 perferentibus,
845 2015 912 2076 dum
927 2016 1054 2094 priorum
1069 2033 1143 2076 sono

135 2100 293 2178 indulgent.
323 2099 363 2161 llt
376 2109 422 2159 est
439 2108 534 2160 autem
548 2101 715 2161 necessaria
729 2099 885 2161 verborum
901 2099 1085 2178 explanatio:
1103 2099 1144 2160 ita

135 2200 235 2244 omues
260 2186 401 2262 imputare
431 2193 461 2243 et
482 2182 562 2242 velut
585 2200 773 2247 nnnumernre
800 2184 912 2245 litteras
935 2183 1089 2244 molestum
1114 2191 1145 2244 et

92 2281 127 2336 34
135 2268 275 2327 odiosum
310 2265 384 2327 llam
400 2276 429 2327 et
443 2265 566 2327 voeales
587 2267 821 2346 frequentissime
838 2275 961 2343 coeunt,
985 2276 1016 2328 et
1037 2284 1143 2328 oonso·

134 2351 257 2410 nautium
280 2349 421 2450 quaedam
442 2353 613 2429 insequente
633 2350 730 2413 voeali
747 2351 950 2413 dissimulatur.
984 2349 1143 2461 Utriusque

136 2433 299 2513 exemplum
315 2436 479 2513 posuimus:

426 2516 553 2580 Multum
566 2520 618 2582 ille
631 2529 660 2582 et
673 2521 767 2582 terris
781 2553 840 2576 --

92 2602 246 2670 30V1tatur
262 2602 532 2664 etiamdnriorum
523 2611 599 2663 mter
618 2621 651 2663 ee
668 2620 860 2682 congressus,
880 2602 957 2663 unde
971 2601 1100 2682 pelleos‘t
1114 2609 1145 2661 et

135 2688 270 2766 collegit,
293 2695 323 2747 et
344 2705 419 2767 quse
443 2685 501 2748 alio
522 2686 591 2748 loeo
612 2687 688 2748 dieta
712 2695 786 2748 sunt.
820 2685 952 2766 Ideoque
968 2685 1100 2747 landatur
1114 2687 1144 2746 in

135 2768 239 2830 Gatulo
263 2772 360 2831 suavis
383 2769 544 2850 appellatio
566 2770 734 2831 litterarum.
774 2770 939 2832 seeundum
959 2778 1021 2845 est,
1053 2777 1085 2829 nt
1105 2769 1144 2828 sit

135 2855 227 2925 oratio
246 2851 396 2930 distinata,
418 2855 447 2915 id
464 2862 527 2930 est,
550 2872 599 2953 qur
591 2854 699 2931 dioit,
722 2862 752 2915 et
769 2853 888 2934 incipiat
908 2851 958 2914 ubi
973 2858 1092 2933 oportet
1114 2861 1145 2912 et

135 2934 256 2995 desinat.
294 2934 512 2998 Observandum
528 2939 629 3014 etiam,
651 2956 710 3017 quo
726 2939 794 3000 loeo
812 2937 997 2999 sustinendus
1013 2945 1043 2998 et
1059 2938 1144 3016 quasi

134 3017 355 3095 suspendendus
371 3037 467 3081 sermo
483 3023 535 3091 sit;
552 3021 630 3100 quod
648 3021 751 3084 Graeei
767 3014 986 3101 doodseusotdps
1002 3021 1052 3083 vel
1069 3013 1143 3083 tm·

92 3096 259 3182 aosrqptv
273 3112 394 3173 voeant;
411 3121 469 3183 quo
485 3103 685 3184 deponendus
712 3105 903 3207 qupenditur
917 3103 1015 3168 Anno
1028 3107 1142 3169 airam·

135 3203 193 3264 que
205 3205 294 3264 cano,
307 3188 373 3266 quia
384 3187 455 3250 illud
466 3189 502 3250 ad
513 3189 665 3268 sequentia
676 3190 812 3267 pertinet,
828 3198 860 3250 ut
873 3191 911 3250 sit
921 3191 1022 3252 virum
1032 3188 1145 3252 Troiae

134 3272 187 3350 qui
199 3272 318 3350 primus
338 3272 379 3335 ab
401 3275 481 3349 oris,
506 3281 536 3332 et
549 3272 597 3332 blo
612 3272 743 3332 iterum.
762 3272 835 3334 llam
858 3275 969 3335 etiamsi
987 3273 1064 3336 aliud
1085 3281 1142 3350 est,

135 3354 210 3415 unde
225 3356 322 3415 veniat
337 3374 421 3436 (ΜΜΜ
433 3358 491 3435 (Μο
506 3356 617 3416 veniat:
632 3371 690 3416 non
705 3356 936 3435 distinguendum
950 3367 1056 3435 tumen,
1075 3359 1143 3437 quia

91 3443 283 3517 itinerumque
305 3440 408 3502 eodem
429 3437 515 3501 modo
538 3437 630 3501 verbo
655 3442 817 3502 continetur
837 3442 927 3504 orob.
961 3441 1061 3504 'lertio
1077 3440 1143 3505 lto·

199 3620 301 3636 *un
