2408 3854
131 181 189 242 126
437 193 473 242 u.
493 193 572 240 nun.
594 192 815 252 Qnrnnrnruur

85 348 292 425 euschemata,
314 349 466 426 sequentia
483 347 629 408 schemata
653 348 765 406 omnino
781 363 839 405 non
854 356 928 407 sunt.
963 347 1035 408 Item
1050 347 1131 408 Ruti·

124 433 179 494 lius
195 442 313 512 praeter
331 451 377 507 ea,
394 450 467 509 quae
484 431 559 510 apud
576 430 649 491 alios
666 447 782 509 quoque
798 439 863 490 suut
871 433 1131 514 ,nepopotoyc'um

124 507 307 612 ἀναγκαῖον,
327 510 491 593 ἠθοποιΐαν
497 558 506 592 ,
531 514 747 613 δικαιολογίαν,
770 475 932 594 πρόληψιν,
953 538 1131 598 χαρακτηρι-

124 592 208 679 σμὸν,
220 599 426 681 βραχυλογίαν,
439 593 674 677 παρασιοὶιιησιν,
690 597 867 679 παρῥηοίαν,
882 600 918 659 de
934 598 1038 678 quibus
1055 602 1131 661 idom

40 706 45 714 ¹
125 685 200 745 dico.
235 684 306 745 Nam
323 699 375 743 eos
391 684 506 761 quidem
522 692 670 758 auctores,
687 685 735 760 qui
750 683 859 744 nullum
874 701 968 762 prope
984 684 1071 744 linem
1086 685 1129 744 le·

125 779 227 830 cerunt
250 768 436 846 exquirendis
458 766 638 843 nominibus,
663 767 846 845 praeteribo,
865 768 914 846 qui
932 768 1036 845 etiam,
1054 787 1131 847 quae

125 862 190 913 sunt
211 861 455 930 argumentorum,
472 852 571 930 liguris
588 853 795 930 ascripserunt.

67 934 119 989 ¹00
147 932 150 936 ’
208 934 274 1014 Ego
292 936 361 997 illud
378 937 414 996 de
430 937 464 996 iis
483 937 585 1011 etiam,
607 953 682 1014 quae
700 953 772 996 vere
787 945 868 1012 sunt,
887 934 1018 997 adiiciam
1033 935 1131 996 breui·

124 1030 185 1096 ter,
204 1022 279 1080 sicut
294 1030 398 1080 ornent
414 1022 574 1082 orationem
591 1028 756 1099 opportune
774 1021 906 1099 positae,
929 1021 968 1081 ita
983 1022 1130 1099 ineptissi-

124 1107 211 1165 simas
238 1123 324 1181 esse,
351 1123 415 1164 cum
441 1105 593 1166 immodice
609 1113 752 1183 petantur.
809 1104 898 1179 Sunt,
921 1106 969 1182 qui
990 1105 1130 1182 neglecto

124 1207 219 1249 rerum
240 1190 371 1268 pondere
392 1198 421 1248 et
443 1189 551 1250 viribus
575 1189 799 1263 sententiarum,
822 1189 847 1248 si
861 1188 910 1248 vel
930 1190 1023 1250 inania
1039 1188 1131 1249 verba

123 1275 152 1334 in
167 1273 221 1333 hos
235 1274 337 1338 modos
354 1274 563 1352 depravarunt,
581 1290 706 1333 summos
722 1291 756 1332 se
766 1273 893 1332 iudicent
905 1272 1032 1333 artilices
1047 1273 1130 1335 ideo'-

124 1376 181 1437 qne
205 1374 263 1417 non
284 1359 416 1418 desinant
437 1375 488 1417 eas
509 1366 647 1433 nectere,
670 1375 741 1435 quas
764 1358 826 1416 sine
843 1355 1001 1418 substantia
1022 1359 1131 1418 sectari

126 1451 182 1503 tam
204 1451 250 1501 est
271 1442 421 1503 ridiculum
443 1459 527 1519 quam
550 1459 693 1522 quaerere
719 1439 846 1501 habitum
864 1449 1039 1519 gestumque
1065 1444 1130 1503 sine

66 1537 115 1592 101
124 1543 260 1605 corpore.
304 1526 363 1587 Sed
384 1544 421 1585 ne
442 1543 495 1586 eae
517 1524 647 1604 quidem,
668 1543 742 1604 quae
757 1533 839 1585 recte
855 1525 940 1600 liunt,
962 1524 1130 1586 densandae

123 1619 188 1669 sunt
210 1610 301 1670 nimis.
343 1608 414 1670 Nam
441 1619 471 1669 et
490 1610 587 1670 vultus
608 1611 727 1669 mutatio
748 1608 957 1687 oculorumque
978 1610 1129 1670 coniectus

122 1693 240 1754 multum
255 1696 283 1754 in
301 1703 366 1755 actu
382 1694 473 1763 valet;
497 1694 550 1754 sed
566 1696 590 1753 si
606 1696 670 1773 quis
686 1693 794 1754 ducere
812 1711 846 1753 os
863 1693 1015 1772 exquisitis
1035 1693 1130 1755 modis

123 1787 153 1837 et
168 1777 271 1838 frontis
293 1797 328 1839 ac
346 1778 480 1839 luminum
494 1779 685 1839 inconstantia
702 1779 848 1856 trepidare
863 1796 920 1838 uon
939 1776 1067 1838 desinat:
1090 1778 1127 1836 ri·

123 1863 234 1923 deatur·
277 1862 315 1923 ltu
331 1873 430 1923 orator
444 1861 531 1923 habet
545 1872 654 1922 rectam
668 1862 808 1940 quandam
822 1862 903 1922 velut
918 1861 1033 1937 faciem,
1053 1877 1129 1940 qnae

123 1956 153 2006 ut
177 1956 296 2027 stupere
315 1946 454 2009 immobili
474 1949 574 2025 rigore
599 1964 657 2006 non
673 1946 809 2021 debebit,
837 1947 876 2006 ita
896 1947 1013 2024 saepius
1031 1947 1060 2006 in
1082 1963 1128 2020 ea,

69 2039 207 2109 totquam
229 2041 329 2092 natura
346 2032 442 2108 dedit,
469 2032 570 2110 specie
588 2031 760 2092 continenda
781 2039 835 2090 est.
877 2028 1033 2090 Sciendum
1055 2045 1128 2089 vero

124 2116 283 2193 inprimis,
305 2116 373 2194 qnid
391 2117 515 2194 quisque
537 2116 565 2174 in
581 2116 690 2176 orando
707 2114 836 2194 postulet
852 2114 954 2189 locus,
978 2114 1046 2191 quid
1061 2132 1128 2192 per·

125 2216 212 2276 sona,
230 2201 297 2278 quid
312 2209 435 2278 tempus.
465 2199 557 2260 llaior
575 2200 649 2260 enirn
664 2217 732 2278 pars
748 2199 846 2259 barum
863 2197 1018 2276 figurarum
1033 2199 1129 2276 posita

126 2285 222 2343 estin
246 2283 450 2344 delectatione.
488 2282 544 2343 Ubi
566 2301 638 2343 vero
667 2285 836 2359 atrocitate,
860 2283 982 2359 invidia,
1009 2282 1128 2343 misera·

123 2368 203 2426 tione
227 2367 408 2445 pugnandum
427 2376 486 2427 est:
513 2369 576 2445 quis
592 2367 667 2427 ferat
682 2367 887 2445 contrapositis
904 2376 933 2426 et
954 2368 1063 2445 pariter
1081 2384 1128 2426 ca·

125 2450 258 2511 dentibus
273 2460 303 2512 et
315 2450 510 2513 consimilibus
523 2453 713 2528 irascentem,
728 2451 862 2527 flentem,
874 2447 1046 2529 rogantem?
1064 2468 1127 2511 curn

124 2537 153 2595 in
169 2535 213 2595 bis
230 2535 318 2596 rebus
335 2554 402 2597 cura
422 2535 577 2597 verborum
592 2536 717 2614 deroget
732 2534 885 2596 affectibus
904 2535 1005 2611 iidem,
1022 2543 1052 2594 et
1066 2533 1143 2594 ubi·

126 2638 239 2699 cunque
254 2639 302 2682 ars
318 2630 495 2697 ostentatur,
513 2621 621 2681 veritas
636 2621 741 2681 abesse
758 2621 899 2681 videatur.

475 2774 516 2825 DE
536 2773 780 2826 COMPOSlTlONE.

208 2870 258 2932 lv.
281 2871 326 2931 De
349 2874 623 2951 compositione
646 2889 703 2932 non
718 2872 852 2950 equidem
867 2880 935 2950 post
948 2869 987 2930 ll.
1005 2868 1129 2930 Tullium

125 2953 255 3015 scribere
274 2956 427 3032 auderem,
455 2957 517 3035 (cui
538 2959 639 3017 nescio
657 2975 692 3017 an
712 2956 771 3017 ulla
789 2974 857 3035 pars
875 2956 975 3034 operis
990 2953 1074 3015 huius
1091 2954 1129 3012 sit

123 3039 215 3116 magis
231 3039 401 3119 elaborata)
426 3041 480 3101 uisi
496 3049 526 3101 ot
545 3042 675 3102 eiusdem
691 3041 795 3101 aetatis
810 3040 941 3100 hominos
956 3038 1074 3116 scriptis
1092 3035 1127 3097 ad

123 3124 216 3201 ipsum
238 3125 332 3183 etiam
349 3123 452 3185 litteris
472 3124 690 3202 reprehendere
715 3125 742 3185 id
764 3124 928 3186 collocandi
949 3140 1043 3200 genus
1066 3122 1129 3183 ausi

125 3207 263 3284 luissent,
282 3216 311 3267 et
326 3216 394 3286 post
409 3226 473 3269 eum
488 3208 587 3288 plures
603 3209 690 3270 multa
705 3210 741 3271 ad
763 3208 883 3270 eandem
904 3225 965 3267 rem
983 3208 1128 3285 pertinen·

98 3292 160 3351 ttia
175 3293 331 3352 memoriae
350 3292 545 3354 tradidissent.
589 3294 691 3373 ltaque
712 3293 874 3354 accedam
866 3311 894 3352 m
914 3291 1066 3371 plerisque
1080 3286 1127 3350 ct·

125 3378 241 3452 ceroni,
267 3386 353 3454 atquc
369 3377 398 3436 in
414 3378 449 3437 iis
465 3395 535 3454 ero,
560 3396 634 3456 quoe
657 3378 813 3439 indubitata
831 3385 915 3452 sunt,
942 3374 1108 3448 brevior,
1099 3391 1128 3432 1n

125 3457 294 3535 quibusdam
324 3461 440 3540 paulum
467 3463 592 3523 fortasse
625 3462 800 3522 dissentiam.
848 3459 920 3521 Nam
950 3460 1035 3536 etiam
1064 3473 1128 3517 curn
