2408 3854
360 212 448 262 rusa.
462 213 692 263 calnomum.
706 212 808 281 vn‚n.
1048 209 1083 267 to

73 379 153 446 tem,
175 378 207 430 nt
224 371 316 444 dicat,
344 367 561 439 Tu-occidisti;
582 376 611 427 at
627 369 675 446 qui
691 369 776 445 dicit,
802 367 847 431 l'u
866 372 1021 450 occidisti,
1038 392 1084 433 su·

75 472 254 534 pervacuum
273 453 361 513 babet
376 462 480 531 postea
496 452 612 527 dicere,
630 450 696 531 Epo
710 473 771 514 ucu
787 456 897 516 occidi.

162 537 224 596 Hae
249 554 338 616 porro
365 539 496 597 actiones
525 544 657 595 constant
688 539 989 615 comparatione;
1021 541 1126 620 ipsaan

76 622 256 699 comparatio
278 637 335 680 non
356 638 411 680 una
432 618 480 679 'via
510 619 632 679 ducitur.
674 620 733 680 Aut
761 623 835 681 enim
858 632 945 683 totam
969 642 1085 684 oausam

75 714 205 766 nostram
228 723 292 764 cum
315 713 376 765 tota
396 703 556 764 adversarii
575 720 662 763 causa
679 707 877 782 componimus
901 717 950 766 aut
970 708 1084 785 singula

74 797 246 866 argumenta
265 807 328 848 cum
343 788 474 865 singulis.
512 786 640 860 Quorum
657 796 750 847 utrum
768 791 806 849 sit
827 790 1008 868 laciendum,
1026 809 1083 852 non

74 881 176 952 potest
191 872 245 930 nisi
259 890 296 931 ex
310 873 400 950 ipsius
418 872 475 931 litis
491 871 614 930 utilitate
630 874 785 948 cognosci:
804 882 835 932 ut
847 871 953 934 Cicero
971 875 1084 953 singula

74 973 131 1036 pro
145 955 262 1015 Vareno
285 965 433 1034 comparat
458 957 486 1013 in
508 956 600 1032 primo
622 956 756 1023 crimine;
784 967 828 1016 est
846 959 920 1017 enim
938 961 1082 1038 superior,

76 1058 143 1101 cunr
165 1056 292 1118 persona
315 1040 401 1099 alieni
425 1057 489 1098 cum
510 1055 635 1116 persona
657 1041 754 1099 matris
775 1049 885 1101 temere
901 1059 1083 1120 comparare·

75 1133 131 1184 tur.
171 1121 267 1196 Quare
290 1125 426 1202 optimum
441 1131 503 1198 est,
526 1124 550 1180 si
573 1121 635 1181 fieri
651 1125 775 1201 poterit,
791 1134 822 1184 ut
837 1126 950 1202 singula
967 1127 1083 1186 vincan-

74 1216 153 1267 tnra
181 1207 317 1284 singulis;
343 1207 395 1266 sed
417 1207 577 1284 siquando
599 1206 771 1285 inpartibus
788 1207 998 1269 laborabimus:
1023 1211 1083 1269 nni·

74 1291 217 1351 versitate
244 1292 426 1369 pugnandum
454 1299 508 1349 est.
535 1288 572 1349 Et
598 1291 661 1349 sive
687 1291 809 1350 invicem
837 1301 991 1367 accusant,
1020 1294 1132 1357 sivctb·

76 1376 188 1434 crimen
210 1392 277 1434 reus
303 1376 375 1435 citra
405 1376 621 1435 accusationem
646 1375 673 1432 in
699 1375 896 1435 adversarium
921 1378 1024 1452 vertit,
1053 1386 1083 1435 ut

75 1457 201 1517 Roscius
220 1458 248 1516 in
263 1468 450 1519 accusatores
466 1475 552 1532 suos,
569 1459 699 1537 quamvis
715 1476 783 1518 reos
799 1476 855 1517 non
871 1460 1006 1529 lecisset;
1020 1462 1083 1520 sive

74 1544 104 1601 in
116 1543 214 1621 ipsos,
232 1558 306 1620 quos
322 1561 373 1602 sua
385 1560 468 1601 mann
484 1543 609 1620 periisse
621 1542 765 1618 dicemus,
782 1543 887 1603 iactum
903 1544 1082 1605 deflectitur·

71 1643 134 1685 non
146 1625 246 1701 aliter,
266 1644 351 1704 quam
366 1628 394 1684 in
407 1626 461 1701 iis,
483 1643 558 1703 quae
576 1635 700 1685 mutuam
715 1629 931 1687 accusationem
947 1627 1082 1704 habeant,

74 1709 227 1787 utriusque
244 1712 334 1788 partis
358 1718 525 1787 argumenta
547 1709 621 1769 inter
643 1728 676 1769 se
692 1720 904 1788 comparantur.
937 1711 971 1772 ld
989 1721 1127 1774 autemut

74 1811 186 1871 genus,
214 1793 325 1872 dequo
350 1794 507 1853 novissime
523 1793 596 1869 dixi,
619 1810 676 1853 non
700 1793 792 1852 solum
813 1795 841 1853 in
862 1794 971 1855 scholis
993 1813 1083 1873 saepe

76 1885 216 1937 tractatur
244 1878 296 1936 sed
323 1879 407 1938 etiam
435 1878 463 1935 in
490 1878 565 1937 foro.
604 1875 676 1936 Nam
706 1876 799 1936 idest
825 1878 853 1936 in
875 1896 962 1938 causa
982 1878 1084 1938 Naevii

76 1961 227 2038 Arpiniani
250 1961 343 2020 solum
363 1962 541 2040 quaesitum,
567 1958 778 2038 Praecipitate
794 1971 871 2021 esset
891 1964 931 2022 cb
952 1981 987 2023 co
1005 1981 1085 2022 uuor

76 2063 119 2105 nn
137 2063 172 2105 oc
190 2046 261 2122 ipsu
287 2064 346 2107 auu
361 2052 468 2124 opnute
488 2046 630 2105 iecisset?
662 2042 750 2104 Cuius
768 2046 910 2103 actionem
925 2053 954 2104 et
969 2045 1083 2123 quidem

76 2127 170 2187 solam
186 2128 214 2186 in
236 2127 293 2188 hoc
308 2138 421 2208 tempus
438 2129 604 2204 emiseram,
630 2129 708 2206 quod
731 2129 824 2207 ipsum
844 2147 889 2188 me
907 2128 1016 2188 fecisse
1034 2129 1083 2189 dn·

77 2221 154 2271 ctum
169 2212 287 2271 iuvenili
311 2213 468 2291 cupiditate
482 2212 596 2290 gloriae
617 2212 721 2272 fateor.
757 2211 829 2272 Nam
848 2222 983 2288 ceterae,
1009 2231 1083 2291 quae

76 2294 131 2355 sub
146 2297 262 2355 nomine
282 2314 347 2356 meo
365 2297 509 2372 feruntur,
533 2297 711 2396 negligentia
727 2298 932 2375 excipientium
949 2298 978 2356 in
996 2315 1084 2375 quae·

75 2387 151 2438 stum
167 2382 344 2440 notariorum
360 2389 516 2459 corruptae
532 2382 674 2440 minimam
688 2389 800 2480 partem
818 2382 875 2440 mei
891 2379 1007 2440 habent.
1130 2380 1133 2385 ’

163 2462 216 2523 Est
234 2474 262 2524 et
279 2465 335 2524 alia
350 2463 469 2565 duplex
476 2467 643 2524 coniectura
658 2455 762 2523 huic’
745 2465 975 2546 αντικατηγορία
990 2463 1083 2524 diver·
1093 2475 1127 2526 25

77 2565 130 2624 sa,
146 2546 183 2607 de
201 2549 395 2626 praemiis:
414 2550 469 2608 ut
461 2567 488 2607 m
503 2548 552 2608 illa
570 2548 785 2623 controversia,
805 2547 968 2628 Tyruuuus
982 2549 1083 2625 euspi-

78 2639 184 2709 catus,
208 2648 229 2692 a
249 2634 368 2693 medico
389 2651 445 2694 auo
463 2631 823 2702 calamumvenundare,
846 2631 933 2693 torsit
952 2649 1038 2705 eum,
1056 2639 1084 2690 ct

78 2717 191 2778 cumis
212 2715 337 2777 dedisce
352 2735 386 2777 ac
399 2723 601 2795 perceperat,
618 2716 751 2776 arcessit
765 2715 896 2776 ullarum
912 2714 1085 2777 medicum:

76 2800 128 2861 ille
143 2800 249 2861 dutum
264 2802 293 2861 ci
306 2818 454 2861 ceccaum
470 2801 563 2876 dicit,
577 2799 635 2861 ced
648 2818 682 2860 ac
696 2798 864 2860 antidotum
880 2799 1041 2870 domuum,
1057 2805 1086 2858 et

78 2882 166 2944 dedit
186 2886 214 2944 ca'
231 2885 395 2963 potionem,
418 2901 479 2962 quc
494 2892 583 2963 epota
598 2891 749 2962 tyrcanus
764 2883 901 2944 decessit.
937 2880 983 2942 De
1000 2898 1084 2959 prae·

77 2967 135 3026 mio
153 2967 211 3027 dno
233 2969 337 3028 medici
360 2966 544 3027 contendunt.
584 2966 656 3026 Nam
674 2975 704 3025 ut
724 2965 785 3026 illic
807 2966 914 3027 iactum
935 2967 963 3024 in
984 2966 1085 3024 adver·

78 3051 184 3110 sarium
212 3052 458 3111 transferentium:
485 3053 524 3111 ita
550 3051 596 3111 hic
622 3049 676 3109 sibi
700 3051 902 3110 vindicantium
928 3065 1084 3128 personae,

79 3151 203 3209 causae,
227 3135 397 3210 facultates,
421 3145 568 3214 tempora,
592 3136 796 3211 instrumenta,
820 3134 984 3193 testimonia
1008 3148 1084 3191 com·

78 3226 223 3294 parantur.
253 3217 328 3278 lllud
341 3235 473 3296 quoque
488 3219 669 3278 etiamsinon
686 3226 732 3277 est
747 3208 983 3298 curauuuuyoplu,
1000 3214 1128 3273 ommno
1173 3269 1175 3273 ,

77 3309 174 3361 tamen
189 3303 300 3361 ratione
316 3310 471 3378 tractatur,
487 3303 516 3361 in
532 3319 589 3380 qno
606 3304 677 3362 citra
696 3304 911 3362 accusationem
927 3299 1084 3398 quaeritur,

78 3392 172 3444 utrum
202 3385 308 3446 factum
340 3387 387 3444 sit.
424 3385 554 3464 Utraque
576 3388 651 3446 enim
676 3404 744 3464 pars
770 3404 850 3446 suam
873 3383 1086 3462 expositionem

77 3466 169 3528 babet
190 3477 277 3546 atque
299 3486 362 3530 eam
385 3479 497 3530 tuetur:
525 3478 556 3530 ut
581 3472 609 3529 in
633 3470 683 3529 lite
698 3469 853 3530 Urbiniana
875 3469 983 3548 petitor
1005 3465 1087 3535 dicit,
