2408 3854
335 223 424 271 rursu.
443 222 748 287 ouauoa.ma.v11‚
767 220 791 270 r.
1055 212 1075 272 3

59 383 230 458 ambigitur,
248 381 416 439 coniectura
434 386 488 436 est.
522 375 638 436 Interim
649 394 720 435 vero
738 385 767 435 et
783 379 898 436 tertium
910 379 1106 450 confessums

61 474 127 542 est,
149 464 298 525 adulteros
321 463 422 524 fuisse.
454 460 520 522 Sed
533 462 603 537 tibi,
629 463 720 538 inquit
741 470 913 537 aecusator,
933 464 1001 524 ilios
1015 483 1077 526 non

61 551 151 613 licuit
165 548 332 619 occider·c,·
348 548 421 607 exet
436 547 515 606 enim
534 564 618 620 eras,
634 553 682 604 aut
696 547 924 624 ipnominiosas.
953 546 999 606 De
1014 550 1076 608 iure

61 634 223 714 quaeritur.
266 631 305 691 At
332 633 357 690 si
387 632 519 709 protinus
546 628 653 688 dicenti
687 626 836 690 Occidisti
865 632 1077 709 respondeatur

65 717 134 780 Non
149 717 269 779 occidi.-
285 717 379 774 statim
394 731 491 793 pugna
508 722 562 772 est.
594 713 624 773 Si
643 712 854 792 explorandum
870 722 925 790 est,
944 715 992 775 nbi
1008 734 1076 775 oon-

63 802 210 864 trorersia
232 801 366 878 incipiat:
390 808 419 858 et
437 794 616 858 considerari
636 796 740 874 debet,
765 797 834 876 quid
850 801 969 877 primam
989 819 1076 879 quae-

68 890 196 947 stionem
210 885 307 944 faeiat.
340 883 463 943 Intentio
483 880 625 959 simplex:
651 878 772 943 Occidit
792 880 995 944 Saturninum
1012 885 1106 955 lia-9

65 971 186 1038 bin-ium
208 970 375 1028 coniuncta:
398 965 481 1047 Leqe
503 968 542 1026 de
563 966 690 1028 sicariis
706 968 855 1029 commisit
869 966 904 1029 L.
925 967 1076 1032 Varenus.

64 1052 150 1117 Nam
168 1051 201 1114 0.
228 1051 383 1114 Varenum
400 1050 602 1112 occidendum
618 1057 647 1111 et
665 1047 719 1110 On.
742 1048 898 1114 Varenum
908 1056 1078 1116 vulneran-

65 1140 141 1201 dum
163 1146 193 1198 et
208 1137 367 1199 Salarium
389 1137 461 1197 item
480 1135 684 1197 occidendum
708 1138 837 1197 curavit.
873 1134 945 1195 Nam
971 1139 1015 1198 sic
1036 1139 1077 1198 di·

63 1240 173 1284 versae
189 1221 407 1301 propositiones
421 1228 519 1288 erunt;
536 1218 613 1297 quod
629 1219 705 1279 idem
718 1220 755 1279 de
771 1220 959 1297 petitionibus
971 1222 1078 1281 dictum

64 1308 113 1366 sit.
144 1306 254 1366 Verum
270 1323 308 1365 ex
323 1306 475 1364 coniuncta
496 1304 699 1382 propositione
720 1304 821 1382 plures
844 1322 910 1362 esse
931 1307 1077 1382 quaestio-

64 1410 119 1451 nes
149 1408 184 1450 ac
208 1399 299 1449 status
324 1398 462 1467 possunt,
491 1390 515 1446 si
541 1387 617 1447 aliud
644 1395 732 1464 negat
758 1406 826 1448 reus
850 1387 927 1448 aliud
949 1389 1078 1451 defendit

64 1474 146 1536 aliud
161 1492 177 1534 a
193 1475 256 1533 iure
276 1474 399 1534 actionis
415 1471 552 1532 excludit.
591 1470 622 1530 ln
647 1488 705 1550 quo
729 1490 841 1549 genere
862 1474 960 1550 agenti
976 1483 1021 1533 est
1037 1473 1076 1534 di·

64 1559 258 1638 spioiendum,
276 1558 343 1636 quid
360 1574 477 1636 qnoque
494 1554 561 1614 loco
580 1555 679 1615 diluat.

154 1641 240 1715 Quod
258 1643 384 1720 pertinet
400 1642 436 1701 ad
456 1649 596 1715 notorem,
612 1656 670 1698 non
683 1641 769 1719 plane
785 1641 926 1703 dissentio
943 1660 960 1701 a
976 1639 1075 1717 Celso,
1091 1653 1120 1704 to

66 1730 116 1807 qui
141 1728 204 1786 sine
232 1725 319 1786 dubio
349 1723 523 1785 Ciceronem
550 1733 668 1783 secutus
689 1727 776 1786 instat
798 1734 893 1786 tamen
913 1726 980 1787 huie
1002 1729 1077 1805 parti

66 1810 281 1885 vehementius,
300 1818 331 1868 ut
345 1818 443 1888 putet,
459 1810 552 1888 primo
569 1809 678 1867 firmum
694 1810 801 1888 aliquid
818 1828 886 1870 esse
901 1811 1076 1889 ponendum,

65 1911 179 1954 summo
201 1894 409 1969 firmissimum,
430 1891 623 1953 imbecilliora
643 1893 757 1970 medio,
780 1896 846 1972 quia
869 1903 897 1953 et
919 1897 1000 1954 initio
1017 1911 1077 1952 mo·

64 1978 180 2038 vendus
197 1980 233 2038 sit
248 1978 337 2038 iudex
354 1988 384 2038 et
399 1993 509 2036 summo
525 1975 729 2054 impellendus.
760 1977 799 2037 At
815 1995 868 2056 pro
884 1996 937 2038 reo
951 1979 1077 2057 plerum·
1088 1989 1120 2040 ll

66 2081 127 2142 que
152 2063 353 2139 gravissimum
374 2061 501 2140 quidque
524 2061 644 2139 primurn
664 2062 836 2122 movendum
859 2072 919 2140 est,
945 2081 982 2123 ne
1008 2062 1078 2122 illud

67 2154 207 2225 spectans
225 2147 312 2206 index
335 2145 514 2224 reliquorum
535 2144 699 2205 defensioni
727 2149 764 2207 sit
784 2149 926 2208 aversior.
963 2146 1079 2207 lnterim

65 2240 166 2290 tamen
190 2239 219 2289 et
246 2230 303 2289 hoe
325 2229 495 2304 mutabitur,
519 2230 543 2288 si
563 2230 676 2290 leviora
697 2230 748 2290 illa
770 2232 866 2310 palam
886 2232 961 2293 falsa
983 2240 1077 2306 erunt,

66 2315 234 2393 gravissimi
253 2314 387 2374 defensio
409 2313 571 2390 diffieilior,
594 2323 624 2373 ut
649 2313 779 2376 detracta
800 2319 879 2394 prius
901 2316 1077 2376 accusatori·

65 2399 121 2458 bus
139 2397 196 2458 fide
212 2398 415 2476 aggrediamur
429 2398 568 2474 ultimum,
586 2399 641 2459 ianr
656 2399 797 2459 iudicibus
814 2402 908 2461 omnia
921 2418 994 2461 vana
1011 2418 1078 2459 esse

66 2481 265 2543 credentibus.
303 2480 383 2560 Opus
400 2484 455 2542 erit
477 2491 571 2542 tamen
587 2483 784 2561 praefatione,
804 2502 859 2565 qua
876 2494 906 2544 et
920 2486 994 2543 ratio
1012 2484 1077 2543 red-

64 2567 153 2626 datur
168 2565 249 2626 dilati
268 2567 393 2627 oriminis
406 2575 443 2626 ¹et
458 2567 640 2645 promittatur
650 2568 800 2645 defensio,
817 2587 853 2627 ne
870 2569 908 2642 id,
928 2568 1005 2645 quod
1021 2584 1079 2626 non

66 2651 166 2710 statim
183 2649 342 2726 diluemus,
366 2652 468 2711 timere
489 2652 645 2711 videamur.
689 2652 851 2711 Anteactae
866 2654 944 2711 vitae
961 2653 1078 2711 erimina
1087 2664 1119 2715 12

65 2733 242 2813 plerumque
263 2737 355 2813 prima
375 2735 524 2814 purganda
548 2744 629 2810 sunt,
651 2745 682 2794 ut
696 2737 741 2811 id,
765 2736 802 2796 de
824 2752 881 2815 quo
902 2736 1011 2796 laturus
1033 2744 1079 2795 est

65 2820 241 2877 seutentiam
256 2818 355 2894 iudex,
376 2818 475 2879 audire
492 2821 633 2897 propitius
650 2821 776 2898 incipiat.
817 2821 876 2880 Sed
886 2820 944 2881 hoc
960 2838 1077 2899 quoque

64 2919 123 2981 pro
142 2901 260 2962 Vareno
284 2900 390 2963 Cicero
415 2905 442 2961 in
464 2903 592 2962 ultimum
619 2902 837 2981 distulit,·non,
857 2904 925 2984 quid
942 2905 1077 2983 frequen·

65 2986 181 3046 tissime
197 2985 260 3062 sed,
278 2988 346 3065 quid
361 2996 419 3046 tum
435 2986 598 3065 expediret,
615 2989 741 3047 intuitus.

156 3066 227 3129 (lum
245 3071 371 3148 simplex
386 3072 506 3130 intentio
523 3072 592 3130 erit:
613 3070 767 3133 videndum
785 3084 845 3148 est,
868 3092 952 3132 unum
971 3073 1120 3152 aliquid13

65 3153 298 3232 respondeamus
316 3173 352 3214 an
370 3155 463 3232 plura.
508 3155 539 3214 Si
558 3173 660 3215 unum:
682 3157 711 3215 fn
732 3175 765 3217 re
782 3160 983 3237 quaestionem
999 3159 1078 3216 insti·

65 3248 181 3298 tuamus
198 3255 233 3297 an
248 3240 277 3297 in
298 3240 424 3318 scripto;
449 3239 473 3298 si
489 3239 517 3298 in
531 3257 579 3298 re:
595 3241 758 3317 negandum
774 3243 827 3318 sit,
852 3241 930 3320 qnod
946 3241 1080 3301 obiicitur

68 3341 105 3382 an
121 3323 273 3390 tuendum;
293 3325 317 3382 si
332 3324 361 3383 in
379 3325 507 3402 scripto:
530 3325 559 3382 in
576 3341 631 3403 qua
647 3327 748 3403 specie
764 3326 833 3385 iuris
855 3343 951 3404 pugna
973 3325 1025 3401 sit,
1049 3334 1079 3385 et

67 3408 97 3466 in
113 3422 150 3466 ea
170 3406 207 3466 de
224 3406 322 3466 verbis
339 3425 375 3467 an
392 3408 429 3468 de
445 3407 596 3468 voluntate
613 3418 778 3487 quaeratur.
811 3408 843 3469 ld
860 3411 899 3469 ita
917 3427 1078 3488 conseque·
1089 3418 1121 3471 lt

67 3509 144 3568 mur,
163 3492 188 3550 si
204 3490 296 3550 intuiti
312 3491 467 3569 fuerimus,
492 3510 567 3571 quae
583 3493 619 3551 sit
635 3491 703 3568 lex,
723 3510 798 3572 quae
814 3492 897 3570 litem
909 3493 1085 3568 faeiat,lxoe

884 3574 925 3635 ᾖ
