2408 3854
360 217 449 267 mss.
463 216 797 288 osnson.1.1s.1rs,u.
1040 212 1081 272 st

76 376 156 437 modi
171 375 315 454 exemplis
331 375 417 453 plena
432 381 498 433 sunt
516 373 625 447 omnia,
649 374 703 434 sed
725 392 809 434 unum
830 376 942 436 interim
958 379 1079 442 suflicit:

77 456 242 539 Equidem,
259 460 341 538 quod
355 459 400 519 ad
414 477 461 518 me
476 459 592 534 attinet,
608 474 667 535 quo
682 478 729 520 me
740 468 869 536 certam,
881 463 993 526 nescio.
1018 462 1081 526 Nc-

75 563 146 624 pem
157 543 256 622 faisse
272 543 432 622 infamiam
443 542 552 603 iudicii
564 545 704 621 corrupti
719 553 748 602 et
771 552 879 604 cetera.
918 543 981 605 lloc
998 549 1120 612 etiamst

76 628 105 687 in
120 629 311 707 praeteritum
327 624 417 701 valet,
433 642 498 685 narn
514 634 543 685 et
561 624 709 686 dubitasse
725 643 779 686 nos
795 628 937 706 tingimus.

163 710 190 770 Α
215 728 274 791 quo
299 711 448 771 schemate
474 727 531 768 non
556 710 660 787 procul
688 710 772 772 abest
791 711 856 788 illa,
883 731 957 792 qnae
979 714 1082 776 dicitur

76 797 389 870 communicatio,
417 811 481 854 cum
509 802 557 852 aut
584 797 665 872 ipsos
686 795 871 857 adversarios
893 800 1080 876 consulimus,

76 887 107 939 ιιι
123 876 268 940 Domitius
285 879 359 938 bier
374 895 427 957 pro
444 877 606 938 Domitilla:
623 877 729 941 Nescit
743 881 886 960 trepida,
901 883 976 960 quid
991 886 1083 946 licem

75 964 221 1042 fursiuae,
236 964 313 1043 quid
326 965 485 1042 coniupem
500 962 628 1033 deceat;
645 965 727 1042 torte
746 983 802 1026 aas
821 966 853 1026 iu
867 966 925 1028 illa
938 970 1082 1031 solticitu-

77 1049 151 1109 diue
164 1049 269 1111 obuios
283 1066 377 1110 cauus
393 1049 526 1108 miserae
541 1048 663 1110 mulieri
675 1048 800 1117 comta·
815 1058 863 1124 tu,
880 1051 999 1129 frater,
1016 1072 1082 1129 cos,

74 1135 200 1212 patema
218 1133 327 1210 amici,
352 1132 436 1210 quod
456 1132 616 1192 consitium
644 1133 747 1193 datis?
774 1141 822 1190 aut
849 1151 912 1193 cum
938 1135 1120 1205 iudicibusm

76 1216 160 1296 quasi
171 1215 377 1293 deliberamus,
386 1215 464 1296 quod
478 1224 523 1274 est
534 1217 813 1294 frequentissimum:
827 1214 910 1291 Quid
920 1221 1081 1281 madetis?

77 1308 106 1360 ot
129 1297 191 1362 Vos
209 1303 384 1379 interropo,
415 1302 491 1378 quid
517 1301 641 1361 taudem
667 1299 738 1378 fieri
760 1303 915 1379 oportuit?
936 1311 967 1362 ιιι
990 1300 1080 1364 Cato:

77 1382 180 1462 Cedo,
205 1387 235 1446 si
246 1404 302 1447 aas
316 1387 350 1446 iu
369 1404 404 1445 eo
419 1385 486 1446 icco
503 1387 625 1462 essetis,
649 1387 724 1462 quid
738 1385 827 1447 atiud
837 1386 1011 1464 fecissetis?
1043 1385 1081 1447 Et

76 1468 162 1528 olibi:
191 1466 384 1531 Communem
403 1487 468 1530 rem
483 1471 538 1548 api
554 1476 692 1547 putatote
710 1489 750 1532 ac
771 1489 826 1532 aas
840 1471 912 1532 brac
926 1474 975 1532 rei
984 1490 1081 1551 pras·

74 1553 191 1633 positos
211 1572 289 1615 esso.
324 1552 383 1614 Sed
401 1569 603 1633 nonnunquam
620 1555 863 1614 communicantes
878 1554 985 1634 aliquid
1001 1558 1123 1625 inex-22

77 1645 224 1715 pactatum
246 1637 463 1715 subiungimus,
495 1638 573 1714 quod
596 1645 625 1696 et
646 1655 700 1716 per
722 1655 755 1697 sc
779 1638 897 1699 scbema
918 1648 977 1700 est:
999 1650 1030 1700 ut
1052 1642 1080 1701 in

76 1721 199 1782 Verrem
215 1719 338 1798 Cicero,
356 1719 439 1794 Ouid
454 1721 588 1782 deiude?
610 1723 687 1800 quid
708 1724 857 1784 censetis?
879 1723 996 1802 partum
1014 1727 1081 1805 for·

76 1815 160 1867 tasse
180 1814 233 1868 aut
245 1807 407 1884 praedam
423 1807 582 1882 aliquam?
606 1804 729 1882 Deinde,
743 1824 806 1866 cum
822 1807 869 1866 diu
880 1808 1082 1887 suspendisset

76 1888 201 1949 iudicum
218 1891 339 1965 animos,
357 1888 497 1964 subiecit,
517 1889 595 1967 quod
610 1888 699 1949 multo
719 1899 799 1950 esset
817 1890 984 1970 improbius.
1018 1892 1081 1953 Hoc

76 1968 183 2032 celsus
208 1975 527 2034 sustentationem
549 1983 646 2033 vocat.
686 1972 738 2033 Est
764 1984 859 2036 autern
875 1976 1000 2056 duplex3
1018 1993 1123 2046 namus

76 2065 178 2118 contra
194 2058 379 2137 frequenter,
408 2076 472 2120 cum
496 2059 731 2136 expectationem
753 2061 988 2137 gravissimorum
1009 2061 1080 2121 ieci·

75 2159 156 2220 nnus,
175 2143 211 2206 nd
227 2143 351 2224 aliquid,
379 2145 456 2222 quod
474 2144 511 2203 sit
533 2143 599 2203 leve
622 2153 670 2204 aut
685 2142 765 2204 nullo
780 2145 867 2205 modo
886 2146 1079 2219 criminosum,

75 2229 288 2290 descendimus.
312 2230 370 2290 Sed
389 2230 524 2309 quianon
536 2236 643 2289 tantum
655 2245 708 2308 per
721 2230 1005 2291 communicationem
1017 2231 1080 2291 lieri

75 2312 168 2373 solet:
184 2308 355 2394 παράδοξον
369 2313 417 2373 alii
433 2314 612 2373 nominarunt
626 2313 654 2373 id
673 2323 718 2374 est
733 2315 918 2393 inopinatum.
947 2314 1009 2375 lllis
1025 2329 1124 2382 non-24

75 2398 198 2473 accedo,
216 2401 264 2476 qui
281 2397 399 2457 schema
411 2415 479 2456 esse
492 2398 656 2458 existimant
672 2400 767 2474 etiam,
784 2400 808 2459 si
829 2398 991 2478 quidnobis
1009 2399 1081 2478 ipsis

75 2480 204 2541 dicamus
229 2484 446 2561 inexpectatum
463 2481 622 2542 accidisse:
644 2491 676 2542 ιιι
694 2481 806 2558 Pollio,
830 2481 995 2560 Nunquam
1012 2484 1081 2562 fore

76 2566 209 2642 credidi,
225 2567 357 2642 iudices,
372 2573 420 2642 ut,
442 2583 496 2625 rec
517 2564 657 2638 Scauro,
673 2585 713 2627 ue
734 2568 810 2643 quid
828 2568 860 2626 in
881 2568 948 2626 eius
965 2566 1081 2626 iudicio

72 2651 180 2729 pratia
194 2651 322 2727 caleret,
338 2667 500 2728 precarer.
540 2649 636 2710 Paene
651 2650 728 2710 idem
748 2649 814 2708 ions
830 2658 876 2709 est
889 2647 979 2724 illius,
996 2662 1123 2725 quassus

75 2736 368 2813 permissionem
389 2743 513 2808 vocant,
533 2736 581 2811 qui
604 2735 880 2809 communicationis,
902 2731 1081 2811 cumulique

74 2819 147 2897 ipsis
178 2818 319 2880 iudicibus
347 2817 534 2895 relinquimus
560 2816 736 2878 aestimanda
763 2818 859 2896 aliqua
881 2834 1081 2896 nonnunquam

75 2903 251 2962 advorsariis
270 2920 402 2980 quoqne:
418 2911 449 2961 ut
467 2899 574 2961 (lalana
589 2901 716 2978 Vatinio,
738 2900 883 2981 Perfrica
900 2903 1031 2982 frontem
1052 2911 1081 2966 st

75 2988 172 3047 dicte
188 2988 368 3066 dipuiorem,
384 2989 437 3065 qm
450 2994 580 3065 praetor
592 2986 694 3064 pieres,
713 3003 804 3064 annom
822 2985 976 3052 Catonem.

162 3070 244 3143 Quae
280 3088 352 3132 vero
388 3080 454 3130 suut
484 3070 624 3147 augendis
660 3070 812 3131 affectibus
845 3069 1126 3138 accommodatae26

77 3154 201 3232 figurae,
220 3164 353 3215 constant
367 3156 491 3215 maxime
514 3155 767 3215 simulatione.
803 3155 933 3234 Namque
950 3164 979 3213 et
993 3154 1081 3214 irasci

74 3255 129 3298 uos
152 3248 182 3298 et
197 3240 326 3316 gaudere
352 3249 381 3298 et
397 3241 499 3299 timere
524 3248 553 3299 et
574 3239 707 3300 admirari
729 3250 758 3300 et
777 3240 880 3301 dolere
896 3248 925 3299 et
939 3237 1080 3313 indignari

73 3331 105 3382 ct
131 3332 251 3402 optare,
274 3341 408 3402 quaeque
430 3331 495 3383 sunt
514 3323 616 3384 similia
638 3324 699 3400 his,
726 3325 867 3402 tingimus.
912 3320 993 3380 Unde
1015 3328 1082 3380 sunt

73 3405 142 3467 illa:
165 3405 329 3470 Liberatus
348 3426 433 3469 sum:
458 3410 633 3486 respiraci;
655 3418 684 3467 et
704 3407 788 3470 Bene
809 3409 916 3476 inaltet,⁸
938 3413 967 3463 ct
993 3402 1082 3478 Quae

74 3493 210 3553 omeutia
225 3499 271 3553 est
284 3492 384 3553 baec?
419 3489 445 3553 0
465 3501 617 3572 tempora,
641 3511 659 3553 o
678 3493 794 3554 mores!
814 3499 843 3550 et
857 3487 1003 3551 Miserum
1016 3491 1082 3551 me!

118 3595 183 3633 mr.
197 3579 358 3644 pamma.
918 3573 942 3628 'l
