2408 3854
142 198 197 272 tlt
466 215 829 276 n.nsu.un1uu1n1nu1

111 377 214 452 stiur,
233 375 374 436 assentio.
420 371 473 432 Est
494 372 585 449 ligura
609 381 639 431 et
656 373 684 430 in
703 387 838 430 numero:
861 371 909 431 vel
926 388 989 431 oum
1008 371 1150 450 singulari

138 459 259 540 pluralis
283 456 479 533 subiungitur,
507 456 620 516 Gladio
647 456 879 534 pupnaoissima
899 474 976 533 pens
998 455 1132 518 Romani
1138 480 1153 524 ,·

137 563 215 624 pens
230 544 305 602 enim
320 559 358 600 ex
373 540 484 608 multis;
507 540 555 599 vel
573 557 610 598 ex
625 540 754 614 diverso,

35 624 38 631 '
388 657 431 669 —
449 622 509 696 Qui
522 642 582 685 uon
599 626 698 685 risere
713 626 851 702 parenti,
884 624 886 629 ’

181 710 246 772 Neo
267 712 344 772 deus
366 710 446 769 tuno
460 725 566 769 mensu
587 710 648 769 deu
662 727 720 769 neo
737 709 866 785 stipnatu
882 708 975 769 nubili
989 716 1052 781 est;

109 794 184 858 9Ex
211 795 269 854 illis
291 794 380 869 enim,
409 794 537 871 quinon
557 793 674 868 risere,
697 792 744 851 hie
765 808 850 869 quem
874 808 931 850 non
955 791 1080 868 dignata.
1117 791 1150 853 lu

139 881 257 939 Satura:

265 999 306 1018 -,
328 959 369 1022 Et
382 969 518 1022 nostrum
534 960 618 1021 istud
632 960 745 1042 uiuere,
753 961 839 1018 triste
853 957 981 1038 Aspeus‘,

139 1065 204 1106 oum
225 1047 333 1106 intinito
355 1045 445 1104 verbo
469 1047 506 1103 sit
525 1063 594 1103 usus
616 1059 669 1121 pro
688 1042 901 1122 appellatione;
930 1052 1057 1103 nostram
1073 1045 1150 1104 enirn

137 1129 223 1190 ritum
239 1130 300 1190 vult
315 1130 448 1207 intelligi.
488 1127 600 1188 Utitnur
616 1136 644 1188 et
658 1126 750 1187 verbo
766 1143 819 1204 pro
837 1127 1004 1206 partieipia:

386 1212 533 1292 Mupnum
555 1215 611 1273 dat
628 1213 714 1291 ferre
734 1211 891 1286 talentum,

96 1301 130 1354 10
140 1306 273 1375 tanquam
282 1299 445 1377 ferendum
453 1321 466 1366 ,·
481 1305 510 1356 et
519 1297 673 1375 participio
685 1313 739 1375 pro
752 1293 859 1354 verbo:
880 1293 952 1357 Volo
964 1296 1079 1357 datum
1103 1295 1149 1356 lu·

139 1383 221 1444 terim
229 1383 313 1440 etiem
322 1380 445 1440 dubitari
454 1389 561 1459 potest,
574 1382 620 1440 oui
629 1381 698 1440 vitio
712 1378 804 1439 simile
814 1377 993 1439 sitsohema:
1008 1387 1039 1438 ut
1050 1381 1080 1440 in
1090 1378 1150 1440 huo

389 1463 492 1526 Virtus
507 1475 552 1525 est
572 1465 677 1525 uitium
693 1466 822 1544 supere:
843 1500 886 1512 -

138 1557 186 1610 aut
208 1549 282 1607 enim
297 1557 397 1626 partes
422 1550 561 1608 orationis
578 1557 667 1608 mutat
685 1566 723 1607 ex
743 1546 794 1606 illo
815 1545 920 1608 Virtus
940 1555 986 1609 est
1003 1547 1081 1627 supa
1101 1550 1148 1608 ai-

139 1635 266 1708 tiorum,
286 1641 334 1691 aut
350 1650 435 1692 casus
454 1651 491 1692 ex
507 1632 559 1693 illo
579 1631 705 1694 Virtutis
721 1640 766 1692 est
780 1632 885 1692 uitium
899 1633 1029 1711 strperes
1057 1631 1148 1691 multo

138 1727 234 1778 tamen
254 1716 312 1777 hou
327 1725 451 1796 utroque
471 1717 634 1777 excitatius.
679 1715 837 1794 Iunguntur
853 1716 965 1774 interim
981 1714 1147 1775 schemata:

138 1801 300 1864 Sthenelus
319 1802 422 1862 soiens
443 1818 589 1880 pupnue;
618 1810 663 1860 est
690 1802 764 1860 enim
785 1801 883 1860 soitns
906 1797 1071 1861 Sthenelus
1088 1817 1149 1877 pu-

98 1896 127 1948 tl
136 1887 265 1966 pnundi.
299 1884 523 1945 Transieruntur
539 1893 569 1944 et
583 1894 731 1964 tempora:
751 1881 963 1954 Timarchides
972 1891 1065 1961 nepot
1080 1901 1150 1944 esse

138 1973 167 2033 ei
184 1970 359 2050 perieulum
377 1989 398 2030 a
412 1971 533 2044 securi,
555 1968 711 2048 (praesens
728 1968 803 2027 enim
820 1983 875 2045 pro
892 1967 1051 2046 praeterito
1067 1967 1147 2041 posi·

137 2063 195 2114 tum
212 2055 272 2134 est)
291 2063 320 2114 et
335 2062 442 2113 status:

304 2135 370 2198 Hau
383 2135 513 2198 Itiuous
526 2137 616 2204 veliis

139 2232 184 2295 et,
208 2238 245 2280 ne
265 2238 377 2294 morer,
402 2238 456 2298 per
471 2221 565 2279 omniu
582 2237 708 2297 genera,
733 2237 787 2297 per
802 2236 877 2297 quae
895 2219 926 2278 fit
941 2218 1146 2278 soloecismus.

98 2316 129 2366 tn
141 2304 220 2363 Haeo
238 2322 354 2384 quoque
376 2312 437 2378 est,
460 2321 544 2381 quam
561 2301 696 2381 ἓτέρωσιν
713 2312 836 2378 vocant,
858 2303 904 2362 eui
925 2319 982 2362 nun
999 2300 1155 2371 dissimilis,

110 2389 126 2421 *
139 2379 280 2468 ἐξαλλαγὴ
302 2388 421 2448 dieitur:
444 2397 475 2446 ut
495 2387 569 2466 apud
593 2387 758 2448 Sallustium
775 2385 883 2464 Neque
902 2404 941 2449 eu
961 2405 1015 2447 res
1031 2385 1147 2464 falsum

138 2491 186 2533 me
197 2472 304 2534 inbuit
320 2480 348 2531 et
364 2470 448 2533 Duoi
458 2473 603 2550 probare.
640 2471 687 2532 Ex
703 2470 806 2550 quibus
822 2471 884 2530 iere
903 2479 1022 2550 praeter
1036 2470 1146 2529 novita-

139 2567 197 2616 tem
212 2555 339 2616 brevitas
356 2558 441 2616 etium
457 2557 517 2634 peti
532 2556 619 2616 solet.
652 2555 735 2616 Unde
754 2572 884 2633 eousque
902 2571 1075 2632 processum
1091 2561 1149 2629 est,

138 2650 168 2700 ut
193 2660 252 2702 non
276 2642 469 2720 poeniturum
493 2657 547 2718 pro
567 2656 624 2699 nun
639 2648 739 2699 acturo
756 2640 962 2717 poeniteutiam·
982 2647 1011 2697 et
1026 2640 1149 2700 uisuros

97 2726 173 2786 laad
190 2724 343 2785 videndum
364 2726 468 2783 missos
487 2724 561 2784 idem
583 2732 684 2783 auetor
701 2724 816 2784 dixerit.
857 2721 940 2796 Quae
958 2723 1010 2783 ille
1032 2720 1148 2801 quidem

139 2809 244 2868 iecerit
260 2809 425 2881 schemata,
451 2826 485 2867 un
505 2807 580 2867 idem
602 2808 702 2867 vuueri
722 2809 853 2886 possint,
880 2806 1052 2880 videndum,
1081 2807 1148 2883 quia

140 2901 260 2970 recepta
282 2895 347 2952 sint.
398 2891 470 2952 Num
494 2893 624 2970 receptis
653 2893 738 2951 etium
763 2892 852 2970 vulgo
875 2900 995 2951 auotore
1019 2889 1149 2949 conteuti

138 2993 251 3035 sumus:
279 2986 309 3036 ut
325 2993 399 3035 nuno
415 2975 522 3037 evaluit
536 2976 630 3037 rebus
645 2978 822 3054 apentibus,
842 2974 919 3053 quod
935 2974 1031 3034 Pollio
1051 2975 1080 3033 iu
1095 2970 1149 3033 ln·

56 3074 58 3078 ’
139 3059 225 3118 bieno
250 3060 381 3135 damnat,
404 3069 434 3119 et
455 3061 666 3121 contumelium
685 3060 775 3139 feeit,
800 3059 879 3140 quud
901 3056 1080 3118 ecieerone
1101 3074 1147 3117 re·

99 3142 278 3222 luprehenui
294 3154 392 3204 notum
409 3153 469 3211 est;
492 3143 579 3222 affini
595 3144 670 3202 enim
686 3145 871 3205 contumelia
893 3141 1038 3203 dicebant.
1081 3139 1149 3201 ntia

140 3228 349 3288 commendatio
364 3228 532 3301 vetustatis,
553 3227 633 3286 euius
649 3237 760 3287 amator
773 3229 858 3287 uniue
870 3225 1020 3304 Vergilius
1034 3226 1106 3287 init:

227 3311 281 3373 Vel
296 3331 363 3372 mm
378 3330 412 3372 se
423 3312 570 3389 pauidum
586 3319 693 3372 eontra
709 3331 778 3375 meu
795 3311 1032 3391 iurpiuiuetat5
1093 3347 1096 3351 -

223 3394 402 3539 §repentem
419 3396 476 3455 sent
489 3396 569 3456 enine
583 3393 716 3458 Troiano
731 3415 753 3457 a
773 3396 924 3475 sanquine
943 3396 1019 3458 duci

251 3482 384 3543 redierat.
