2408 3854
146 193 206 255 180
460 205 497 252 n.
512 204 591 251 nnn.
609 201 829 263 numeruntur

29 356 35 364 ‘
145 369 174 420 ct
196 360 278 437 quasi
299 358 453 418 militantes
476 357 571 417 reficit
594 375 629 417 ac
651 367 768 435 reparat
792 358 866 420 haec
886 361 968 420 uelut
990 362 1090 439 sagina
1106 362 1147 422 di·

146 444 244 504 cendi:
273 444 317 502 sic
340 441 545 501 adolescentes
569 457 627 500 non
649 440 756 500 debent
775 443 890 503 nimium
911 445 940 503 in
962 444 1037 505 falsa
1051 463 1149 514 rerum

143 528 268 605 imagine
281 527 403 586 detineri
415 534 445 584 et
455 523 585 584 inanibus
598 542 631 583 se
642 524 802 584 simulacris
819 528 1009 605 usqueadeo,
1027 537 1058 588 ut
1074 528 1148 588 difli-

144 611 208 672 cilis
224 610 260 671 ab
276 610 320 670 his
331 610 481 686 digressus
497 609 544 683 sit,
561 607 760 684 assuefacere,
776 627 813 669 ne
825 609 861 670 ab
873 610 935 686 illa,
951 613 979 670 in
989 629 1045 690 qua
1055 629 1150 690 prope

145 694 366 769 consenuerint,
389 692 488 752 umbra
510 709 582 752 uera
605 692 769 752 discrimina
789 692 869 755 velnt
892 693 1034 774 quendam
1055 695 1150 756 solem

101 776 341 847 nereformldent.
363 808 365 812 ·
385 774 471 849 Quod
493 775 637 836 accidisse
653 777 738 835 etiam
752 774 856 837 Porcio
872 776 1005 854 Latroni,
1028 781 1076 857 qui
1091 781 1149 858 pri·

144 880 207 922 mus
224 860 295 923 clari
315 861 437 920 nominis
459 859 613 938 professor
636 858 703 933 fuit,
726 859 863 935 traditur,
886 869 933 938 ut,
951 879 1015 922 cum
1029 863 1057 922 ci
1074 880 1149 922 sum·

144 964 218 1006 mam
229 947 257 1004 in
268 944 377 1004 scholis
389 943 554 1022 opinionem
565 942 704 1002 obtinenti
714 961 801 1004 causa
811 946 839 1003 in
854 944 920 1005 foro
936 954 1016 1006 esset
1031 946 1150 1019 oranda,

144 1031 276 1107 impense
287 1029 413 1107 petierit,
429 1029 470 1086 uti
487 1026 626 1087 subsellia
640 1028 670 1086 in
679 1026 829 1087 basilicam
840 1029 1074 1089 transferrentur.
1109 1029 1151 1089 lta

143 1112 187 1173 illi
209 1112 323 1174 coelum
346 1128 452 1171 novum
478 1111 546 1187 fuit,
567 1120 597 1170 nt
622 1112 714 1171 omnis
736 1111 798 1170 eius
821 1111 990 1191 eloquentia
1011 1114 1152 1173 contineri

104 1210 138 1266 19
146 1205 225 1258 tecto
242 1214 277 1257 ac
293 1196 452 1275 parietibus
475 1193 634 1254 videretur.
669 1194 766 1269 Quare
788 1196 917 1272 iuvenis,
943 1198 991 1275 qui
1011 1199 1152 1257 rationem
1174 1264 1176 1268 ,

145 1280 310 1342 inveniendi
326 1277 541 1358 eloquendique
557 1296 573 1338 a
588 1278 829 1357 praeceptoribus
851 1278 1007 1357 diligenter
1028 1297 1160 1359 accepe³

145 1366 196 1434 rit;
212 1363 290 1444 quod
305 1381 363 1423 non
378 1371 424 1422 est
438 1361 538 1422 infiniti
556 1364 673 1440 operis,
698 1363 723 1421 si
743 1360 852 1424 docere
874 1365 967 1424 sciant
990 1359 1031 1424 et¹
1046 1362 1152 1431 velint;

146 1449 386 1509 exercitationem
404 1463 521 1526 qnoque
537 1445 678 1506 modicam
694 1445 782 1506 fuerit
798 1456 992 1523 consecutus,
1008 1458 1155 1508 oratorem

133 1530 200 1599 ‚sibi
216 1531 354 1610 aliquem,
371 1528 448 1610 quod
469 1530 545 1608 apud
560 1531 685 1590 maiores
701 1529 764 1589 fieri
779 1529 910 1607 solebat,
927 1531 1048 1608 deligat,
1069 1548 1155 1610 quem

147 1623 296 1693 sequatur,
316 1631 401 1693 quem
416 1615 555 1680 imitetur;
572 1613 683 1674 indiciis
699 1614 812 1674 intersit
827 1633 913 1694 quam
928 1614 1058 1694 plurimis
1072 1624 1102 1674 et
1119 1616 1157 1673 sit

103 1699 327 1775 nocertaminis,
351 1699 397 1759 cni
414 1696 587 1772 destinatur,
602 1697 740 1776 frequens
756 1707 916 1776 spectator.
954 1697 1026 1758 'lum
1052 1715 1156 1758 causas

146 1783 195 1842 vel
211 1782 343 1858 easdem,
369 1799 441 1862 quas
460 1782 509 1859 agi
527 1781 663 1856 audierit,
686 1781 753 1841 stilo
775 1783 890 1860 etipse
912 1792 1083 1860 componat,
1107 1781 1157 1840 vel

147 1869 232 1926 etiam
247 1864 319 1926 alias
334 1883 420 1926 veras
437 1864 523 1924 modo
540 1873 569 1924 et
587 1865 719 1943 utrinque
742 1873 864 1942 tractet,
889 1874 934 1942 et,
957 1865 1035 1944 quod
1051 1866 1079 1925 in
1094 1865 1155 1941 gla-

147 1950 305 2012 diatoribus
326 1949 389 2010 lieri
414 1949 560 2023 videmus,
583 1949 754 2008 decretoriis
779 1951 968 2024 exerceatur,
995 1958 1026 2026 ut
1048 1948 1157 2008 fecisse

147 2033 265 2094 Brutum
282 2034 403 2094 diximus
419 2050 473 2110 pro
488 2029 608 2092 llilone.
636 2030 740 2093 Melius
751 2031 809 2092 hoc
825 2050 910 2111 quarn
925 2031 1091 2093 rescribere
1105 2049 1157 2091 ve·

148 2117 259 2177 teribus
275 2116 471 2192 orationibus,
494 2124 525 2174 ut
545 2115 616 2175 fecit
633 2113 748 2176 Cestius
768 2125 869 2176 contra
886 2113 1038 2177 ciceronis
1065 2117 1156 2176 actio·

145 2219 211 2260 nem
231 2199 356 2260 habitam
378 2215 433 2277 pro
457 2199 575 2274 eodem,
607 2217 670 2258 curn
695 2199 816 2259 alteram
838 2208 951 2278 partem
976 2199 1046 2259 satis
1066 2215 1157 2258 nosse

146 2300 203 2343 non
221 2291 324 2362 posset
339 2301 376 2342 ex
391 2282 455 2342 sola
471 2281 652 2342 defensione.

103 2382 138 2436 21
231 2363 322 2427 citius
338 2374 433 2425 autem
446 2365 569 2425 idoneus
585 2367 639 2425 erit
654 2366 777 2441 invenis,
795 2382 880 2443 quem
892 2374 1072 2444 praeceptor
1087 2382 1157 2426 coe·

143 2452 221 2528 gerit
241 2451 270 2509 in
292 2449 481 2511 declamando
508 2466 592 2529 quam
616 2449 788 2509 simillimum
811 2466 879 2509 esse
904 2450 1020 2510 veritati
1048 2458 1077 2510 et
1102 2468 1158 2528 per

144 2542 221 2594 totas
238 2536 281 2594 ire
296 2535 448 2610 materias,
471 2550 589 2612 quarum
608 2550 682 2592 nunc
702 2532 841 2594 facillima
861 2540 910 2593 aut
930 2535 1054 2594 maxime
1074 2532 1156 2593 faro·

144 2617 245 2679 rabilia
261 2619 432 2697 decerpunt.
465 2615 587 2677 Obstant
607 2617 690 2692 bulo,
715 2617 793 2696 quod
815 2615 945 2677 secundo
967 2617 1035 2678 loco
1058 2608 1169 2695 posui,

145 2703 207 2762 fere
225 2701 309 2762 turba
329 2701 536 2779 discipulorum
551 2710 581 2760 et
597 2698 777 2761 consuetudo
794 2699 930 2760 classium
947 2703 1035 2761 certis
1051 2700 1155 2761 diebus

145 2784 365 2861 audiendarum,
386 2784 513 2845 nonnihil
535 2785 620 2843 etiam
641 2785 794 2863 persuasio
818 2793 930 2863 patrum
947 2785 1155 2844 numerantium

103 2871 242 2948 capotius
266 2868 492 2929 declamationes
518 2885 603 2946 quarn
625 2868 843 2928 aestimantium.
880 2867 963 2944 ,Sed,
993 2867 1071 2946 qnod
1096 2867 1179 2927 dixi·

144 2953 255 3031 primo,
277 2961 308 3011 ut
324 2951 464 3029 arbitror,
491 2950 584 3027 libro,
606 2969 662 3011 nec
678 2951 777 3011 illese
793 2950 886 3011 bonus
902 2959 1080 3030 praeceptor
1095 2968 1154 3011 ma·

145 3036 209 3095 iore
226 3053 346 3095 numero
364 3054 448 3114 quam
470 3036 613 3094 sustinere
636 3036 730 3113 possit
752 3034 899 3110 onerabit,
925 3042 954 3093 et
974 3036 1089 3094 inanem
1110 3034 1154 3094 lo·

147 3119 462 3200 quaoitatemsecidet,
489 3127 519 3177 ut
536 3119 629 3178 omnia
646 3127 798 3196 quaesunt
813 3119 842 3177 in
858 3120 1069 3194 controversia,
1084 3135 1152 3193 non,

145 3213 176 3264 ut
193 3202 307 3284 quidem
321 3202 431 3278 volunt,
449 3219 524 3279 quae
540 3201 568 3260 in
583 3219 679 3261 rerum
690 3211 800 3277 natura,
817 3199 963 3271 dicantur;
980 3211 1010 3261 et
1024 3201 1074 3261 vel
1091 3202 1153 3262 lou·

145 3290 228 3366 glore
243 3288 340 3367 potins
358 3284 469 3345 dierum
492 3286 587 3364 spatio
609 3284 718 3344 laxabit
741 3285 855 3345 dicendi
876 3286 1083 3346 necessitatem
1103 3283 1153 3345 vel

102 3380 138 3432 23
146 3373 278 3431 materias
295 3369 424 3431 diuidere
439 3367 594 3448 permittet.
620 3367 684 3428 Una
700 3369 774 3428 enirn
792 3368 949 3446 diligenter
964 3369 1070 3430 effecta
1085 3368 1152 3447 plus

147 3455 276 3531 proderit
294 3469 382 3533 ¹qnam
403 3453 503 3533 plures
526 3453 678 3513 inchoatae
701 3460 731 3511 et
756 3454 838 3530 qnasi
861 3452 1042 3530 degustatae.
1080 3450 1152 3513 Pro-

180 3566 348 3632 A
