2408 3854
115 183 155 246 66
437 191 801 252 u.unn.Qu1uu1n1un1

88 349 329 435 uquodsnncuo
348 366 436 427 supra
451 365 598 408 summum.
633 345 769 408 Omnibus
784 346 830 408 liis
845 347 953 408 sullicii
967 347 1018 408 vel
1034 366 1123 411 unuur

117 436 269 499 Ciceronis
286 432 468 511 exemplum:
484 430 621 493 Facinus
635 441 680 494 cei
694 433 813 493 uincire
828 433 924 494 civem
937 430 1122 511 Romanum,

115 523 217 585 scelus
230 521 409 593 verberare,
423 535 521 596 prope
533 517 745 594 parricidium
765 534 899 578 necare:
922 517 998 595 quid
1015 517 1122 579 dicen

115 609 147 668 irs
168 623 294 669 crucem
316 602 443 664 tollere?
482 598 555 659 Num
580 609 623 677 ei,
650 601 674 658 si
697 608 804 660 tuntum
827 599 1001 661 verberatus
1028 608 1122 676 esset,

116 708 172 751 uno
189 687 281 767 gradu
295 688 470 761 increverat,
486 683 620 763 ponendo
637 683 722 743 etiarn
742 683 776 745 id.
793 701 861 744 esse
883 685 1026 763 facim,
1043 683 1123 764 quoi

88 784 179 839 serat
194 772 329 839 iuferius;
345 778 386 845 et,
408 770 432 828 si
450 777 558 829 tunium
574 769 689 828 occisus
706 777 802 845 esset,
827 767 995 848 perplures
1012 767 1123 847 gradus

116 857 302 923 ascenderai.;
320 872 384 914 cunr
399 869 470 913 vero
494 853 618 928 dixerit,
644 871 744 932 prope
761 854 971 932 parricidium
992 870 1123 930 meere,

116 961 203 1021 supra
219 939 297 1019 quod
312 938 382 999 nihil
398 946 458 998 ssi:
475 937 581 997 adiecit
597 938 674 1015 quid
691 938 838 999 dicamic
851 956 978 1013 crucem
994 938 1124 1000 tollere?

116 1025 168 1102 liu,
182 1042 246 1085 cum
263 1024 302 1098 id,
322 1022 400 1102 quod
413 1023 565 1082 niaximum
581 1030 642 1097 esi,
659 1030 852 1099 occupasset:
869 1039 995 1082 necessu
1014 1022 1123 1083 eratin

87 1119 164 1186 eso,
184 1108 262 1189 quod
277 1107 352 1168 uiua
370 1115 425 1182 esi,
442 1105 534 1166 verbu
555 1105 693 1165 delicere.
732 1103 777 1167 llit
798 1115 827 1166 et
842 1105 926 1166 aliter
940 1123 1030 1185 supra
1046 1122 1122 1167 sunu-

115 1213 191 1254 mum
205 1193 341 1268 adiectio,
358 1200 389 1252 ui
403 1192 480 1269 apud
494 1189 655 1267 Vergilium
670 1190 706 1250 de
721 1188 834 1251 Lauso:

574 1308 615 1315 —
631 1289 689 1352 quc
699 1274 861 1352 pulclm'cr
877 1275 957 1336 aller

228 1359 295 1422 Nec
314 1360 390 1438 fecii,
419 1365 547 1436 cuecpio
574 1355 741 1419 Laurentis
762 1377 892 1439 ccipere
916 1355 1022 1419 Turni.

117 1445 260 1506 Summum
276 1452 320 1504 esi
337 1443 422 1518 enim,
439 1458 498 1519 quc
510 1441 670 1520 pulchrior
679 1444 830 1505 citercien
839 1443 900 1521 fuit
905 1465 918 1513 ,·
935 1441 1003 1501 lruie
1015 1439 1122 1503 deiude

92 1528 224 1606 iuliqnid
241 1528 465 1606 superpositum.
502 1525 617 1585 'l'eriius
639 1541 757 1605 quoque
775 1536 821 1588 est
834 1527 954 1601 modus,
978 1524 1014 1585 ud
1036 1542 1123 1604 quein

116 1629 173 1672 non
194 1630 248 1690 per
269 1611 377 1690 gradus
398 1611 454 1669 itur
478 1610 599 1687 siquod
618 1626 677 1669 non
698 1619 743 1670 est
767 1611 849 1690 plus,
873 1611 1045 1686 maximum,
1068 1608 1123 1672 seul

117 1714 174 1775 quo
193 1695 264 1755 nilril
279 1696 371 1755 innius
385 1702 439 1753 esi.
476 1691 607 1756 Matrem
628 1703 712 1756 icem
733 1696 882 1758 cecidisti.
918 1691 1002 1767 Quid
1017 1696 1123 1757 dicam

116 1781 271 1860 amphus?
308 1776 439 1840 Matrem
462 1786 547 1840 icum
569 1780 718 1841 cecidisti.
764 1777 838 1839 Num
864 1778 973 1839 euhoe
989 1778 1122 1856 sugendi

116 1883 208 1945 genus
235 1873 297 1939 esi,
324 1872 431 1924 lanium
457 1862 565 1940 aliquid
595 1862 732 1938 elicere,
760 1872 864 1923 utnon
892 1863 987 1942 possit
1008 1865 1122 1940 sugeri.

87 1948 233 2016 florescit
258 1948 351 2008 oratio
374 1948 466 2006 minus
485 1955 587 2025 aperie
609 1947 662 2007 sed
683 1948 784 2006 nescio
807 1966 842 2008 sn
864 1947 921 2007 lroc
939 1947 1006 2025 ipso
1022 1946 1123 2015 ellicus

117 2037 201 2109 cius,
227 2050 290 2092 curn
306 2033 379 2092 ciiru
396 2031 608 2092 distinctionem
630 2033 659 2090 in
680 2039 818 2092 contextu
841 2041 870 2091 ei
892 2049 977 2091 cursu
1003 2048 1124 2110 semum

116 2116 223 2196 aliquid
245 2117 343 2194 priore
365 2115 455 2174 maius
477 2116 651 2194 insequitur:
675 2123 706 2174 ut
727 2115 764 2176 de
786 2116 895 2176 vorniiu
916 2116 944 2175 in
966 2114 1124 2176 Antonium

118 2198 238 2275 cicero,
254 2197 293 2260 lc
308 2208 394 2260 coctu
409 2217 482 2260 cero
491 2201 598 2278 populi
618 2198 766 2277 Romani,
788 2201 941 2279 ceqciium
964 2201 1124 2279 publicum

114 2303 244 2360 cererin,
267 2284 413 2362 maqisier
442 2284 583 2361 equitum.
619 2282 739 2361 Singula
769 2285 976 2344 incrementum
1002 2283 1121 2345 habent.

117 2367 172 2427 Per
195 2385 228 2427 se
251 2366 383 2427 deforme
406 2365 455 2427 vel
477 2368 584 2428 nonin
606 2375 851 2445 coeterorum,
877 2371 905 2428 in
933 2377 1019 2428 coetu
1035 2369 1122 2432 elim

116 2469 173 2511 nun
185 2453 302 2531 populi,
318 2450 419 2530 populi
435 2452 521 2511 eiiam
542 2469 600 2511 non
624 2451 757 2514 licmcci
765 2498 773 2528 ,
798 2453 848 2514 vel
864 2455 888 2512 si
904 2452 1013 2513 nullum
1026 2471 1120 2532 nece·

116 2537 189 2598 lium
204 2545 318 2614 ageret,
336 2535 385 2595 vel
404 2537 429 2595 si
444 2554 501 2596 nun
513 2538 680 2615 publicum,
696 2537 745 2597 vel
761 2540 787 2597 si
803 2554 861 2597 non
872 2538 1020 2616 mcyistcr
1037 2538 1124 2615 equi·

89 2629 189 2686 utum.
221 2621 279 2681 seu
298 2620 370 2681 alius
386 2620 528 2681 divideret
550 2621 625 2682 haec
651 2630 680 2680 ei
697 2622 774 2682 circa
791 2621 923 2700 singulos
938 2621 1047 2699 mullus
1061 2637 1123 2681 nro·

116 2714 244 2772 raretum
268 2706 315 2765 hic
336 2707 365 2764 in
384 2704 507 2765 sublime
529 2707 614 2765 eiiam
637 2707 763 2764 cucurrit
788 2714 817 2765 et
843 2705 879 2765 ad
901 2723 1042 2765 summurn
1063 2721 1123 2765 nun

117 2791 249 2867 pervenit
264 2790 327 2848 nisu
343 2789 396 2849 sed
411 2790 529 2867 impetu.

200 2872 308 2932 Verum
329 2882 359 2932 ut
392 2872 467 2932 haec
498 2872 683 2950 amplificatio
710 2874 914 2952 insuperiori
938 2872 1044 2933 tendit:
1070 2875 1123 2949 iis,

12 2998 14 3003 ·
118 2971 192 3032 quae
211 2956 242 3015 lii
257 2974 312 3034 per
332 2958 667 3035 comparationem,
689 2959 897 3018 incrementum
912 2955 1123 3017 exmiuorilrus

116 3041 198 3117 peili.
230 3039 374 3117 lugendo
398 3043 483 3117 enirn,
500 3040 579 3120 quod
596 3050 641 3101 esi
663 3041 754 3119 inira,
775 3060 901 3102 necesse
924 3051 969 3101 est
994 3039 1123 3102 extollat

114 3122 158 3198 id,
183 3124 260 3202 quod
281 3142 369 3202 supra
391 3126 517 3204 positum
534 3133 596 3185 esi:
618 3133 649 3184 nt
672 3126 749 3186 idem
763 3135 851 3204 utque
866 3129 895 3186 in
918 3125 1022 3186 eodem
1040 3125 1123 3202 loco,

76 3206 152 3267 lOSi
166 3207 223 3269 lucc
238 3209 292 3269 libi
307 3210 388 3270 inter
403 3226 531 3270 coecum
545 3218 574 3271 ci
592 3210 625 3270 iu
646 3210 708 3271 illis
721 3212 906 3272 immunibus
919 3209 1044 3289 poculis
1061 3210 1124 3271 ieie

114 3291 290 3369 cecidisset,
307 3294 375 3371 queis
390 3313 451 3355 ccc
466 3302 555 3372 turpe
573 3296 725 3356 ducerer?
756 3293 795 3357 lc
816 3303 902 3356 coetu
922 3313 996 3358 cero
1014 3294 1124 3374 populi

114 3374 246 3438 Romani
261 3413 312 3435 -.
348 3376 387 3437 Ei
402 3378 430 3437 in
447 3374 611 3441 Catilinam:
636 3378 727 3442 Semi
749 3379 939 3442 mehercules
955 3380 1015 3441 mei
1028 3380 1058 3439 si
1073 3396 1124 3440 me

113 3460 172 3521 isio
188 3469 282 3539 pecto
302 3470 484 3540 metuerent,
508 3471 543 3525 ut
561 3472 590 3525 ie
611 3472 747 3526 metuunt
762 3482 865 3527 omues
881 3465 964 3526 cives
982 3465 1044 3526 lui:
1068 3463 1123 3526 de-
