<?xml version="1.0" encoding="UTF-8"?>
<!DOCTYPE html PUBLIC "-//W3C//DTD XHTML 1.0 Transitional//EN"
    "http://www.w3.org/TR/xhtml1/DTD/xhtml1-transitional.dtd">
<html xmlns="http://www.w3.org/1999/xhtml" xml:lang="en" lang="en">
 <head>
  <title>
</title>
<meta http-equiv="Content-Type" content="text/html;charset=utf-8" />
  <meta name='ocr-system' content='tesseract 3.04.00' />
  <meta name='ocr-capabilities' content='ocr_page ocr_carea ocr_par ocr_line ocrx_word'/>
</head>
<body>
  <div class='ocr_page' id='page_1' title='image "./mfabiiquintilia08quingoog_0048.png"; bbox 0 0 2376 3840; ppageno 0'>
   <div class='ocr_carea' id='block_1_1' title="bbox 338 195 1061 271">
    <p class='ocr_par' dir='ltr' id='par_1_1' title="bbox 338 195 1061 271">
     <span class='ocr_line' id='line_1_1' title="bbox 338 195 1061 271; baseline 0.015 -22"><span class='ocrx_word' id='word_1_1' title='bbox 338 195 787 271; x_wconf 78' lang='lat' dir='ltr'><strong>rusu.onnuon.n1u.v11,3.</strong></span> <span class='ocrx_word' id='word_1_2' title='bbox 1021 198 1061 261; x_wconf 84' lang='lat'><strong>23</strong></span> 
     </span>
    </p>
   </div>
   <div class='ocr_carea' id='block_1_2' title="bbox 55 359 1173 3536">
    <p class='ocr_par' dir='ltr' id='par_1_2' title="bbox 57 359 1106 1444">
     <span class='ocr_line' id='line_1_2' title="bbox 59 359 1065 439; baseline 0.008 -24"><span class='ocrx_word' id='word_1_3' title='bbox 59 375 127 418; x_wconf 84' lang='lat' dir='ltr'><strong>vero</strong></span> <span class='ocrx_word' id='word_1_4' title='bbox 144 375 224 436; x_wconf 82' lang='lat' dir='ltr'><strong>quae</strong></span> <span class='ocrx_word' id='word_1_5' title='bbox 246 365 323 418; x_wconf 82' lang='lat' dir='ltr'><strong>tantu</strong></span> <span class='ocrx_word' id='word_1_6' title='bbox 346 367 391 416; x_wconf 88' lang='lat' dir='ltr'><strong>est</strong></span> <span class='ocrx_word' id='word_1_7' title='bbox 407 359 489 418; x_wconf 94' lang='lat' dir='ltr'><strong>huius</strong></span> <span class='ocrx_word' id='word_1_8' title='bbox 505 361 657 438; x_wconf 76' lang='lat' dir='ltr'>praecisae</span> <span class='ocrx_word' id='word_1_9' title='bbox 680 361 946 439; x_wconf 79' lang='lat' dir='ltr'><strong>comprehensionis</strong></span> <span class='ocrx_word' id='word_1_10' title='bbox 962 381 1065 423; x_wconf 91' lang='lat' dir='ltr'><strong>neces·</strong></span> 
     </span>
     <span class='ocr_line' id='line_1_3' title="bbox 59 437 1065 518; baseline 0.009 -19"><span class='ocrx_word' id='word_1_11' title='bbox 59 437 155 501; x_wconf 76' lang='lat' dir='ltr'><strong>situs&#39;l</strong></span> <span class='ocrx_word' id='word_1_12' title='bbox 182 440 245 516; x_wconf 76' lang='lat' dir='ltr'><strong>An,</strong></span> <span class='ocrx_word' id='word_1_13' title='bbox 270 442 294 500; x_wconf 92' lang='lat' dir='ltr'><strong>si</strong></span> <span class='ocrx_word' id='word_1_14' title='bbox 309 457 366 500; x_wconf 94' lang='lat' dir='ltr'><strong>non</strong></span> <span class='ocrx_word' id='word_1_15' title='bbox 381 441 501 518; x_wconf 78' lang='lat' dir='ltr'>dixero,</span> <span class='ocrx_word' id='word_1_16' title='bbox 526 441 621 504; x_wconf 85' lang='lat' dir='ltr'><em>Homo</em></span> <span class='ocrx_word' id='word_1_17' title='bbox 636 453 681 504; x_wconf 84' lang='lat' dir='ltr'><strong>est</strong></span> <span class='ocrx_word' id='word_1_18' title='bbox 695 446 814 507; x_wconf 83' lang='lat' dir='ltr'><strong>animal</strong></span> <span class='ocrx_word' id='word_1_19' title='bbox 827 447 955 507; x_wconf 80' lang='lat' dir='ltr'><em>mortale</em></span> <span class='ocrx_word' id='word_1_20' title='bbox 969 449 1065 508; x_wconf 80' lang='lat' dir='ltr'><strong>ratio-</strong></span> 
     </span>
     <span class='ocr_line' id='line_1_4' title="bbox 58 525 1065 608; baseline 0.003 -22"><span class='ocrx_word' id='word_1_21' title='bbox 58 525 142 601; x_wconf 82' lang='lat' dir='ltr'><strong>eole,</strong></span> <span class='ocrx_word' id='word_1_22' title='bbox 166 541 227 583; x_wconf 91' lang='lat' dir='ltr'><strong>non</strong></span> <span class='ocrx_word' id='word_1_23' title='bbox 246 533 367 603; x_wconf 88' lang='lat' dir='ltr'><strong>potero,</strong></span> <span class='ocrx_word' id='word_1_24' title='bbox 391 528 532 604; x_wconf 78' lang='lat' dir='ltr'><strong>expositis</strong></span> <span class='ocrx_word' id='word_1_25' title='bbox 556 535 599 586; x_wconf 89' lang='lat' dir='ltr'><strong>tot</strong></span> <span class='ocrx_word' id='word_1_26' title='bbox 620 530 753 607; x_wconf 89' lang='lat' dir='ltr'><strong>corporis</strong></span> <span class='ocrx_word' id='word_1_27' title='bbox 771 530 913 607; x_wconf 82' lang='lat' dir='ltr'><strong>animique</strong></span> <span class='ocrx_word' id='word_1_28' title='bbox 933 532 1065 608; x_wconf 91' lang='lat' dir='ltr'><strong>proprie·</strong></span> 
     </span>
     <span class='ocr_line' id='line_1_5' title="bbox 59 607 1065 683; baseline 0.003 -14"><span class='ocrx_word' id='word_1_29' title='bbox 59 607 182 683; x_wconf 79' lang='lat' dir='ltr'><strong>tutibus,</strong></span> <span class='ocrx_word' id='word_1_30' title='bbox 211 608 297 669; x_wconf 80' lang='lat' dir='ltr'><strong>latius</strong></span> <span class='ocrx_word' id='word_1_31' title='bbox 325 611 457 669; x_wconf 84' lang='lat' dir='ltr'><strong>oratione</strong></span> <span class='ocrx_word' id='word_1_32' title='bbox 484 610 569 670; x_wconf 83' lang='lat' dir='ltr'><strong>ducta</strong></span> <span class='ocrx_word' id='word_1_33' title='bbox 593 611 641 671; x_wconf 85' lang='lat' dir='ltr'><strong>vel</strong></span> <span class='ocrx_word' id='word_1_34' title='bbox 668 630 683 673; x_wconf 87' lang='lat' dir='ltr'><strong>u</strong></span> <span class='ocrx_word' id='word_1_35' title='bbox 705 613 759 672; x_wconf 89' lang='lat' dir='ltr'><strong>diis</strong></span> <span class='ocrx_word' id='word_1_36' title='bbox 784 631 847 671; x_wconf 90' lang='lat' dir='ltr'><strong>eum</strong></span> <span class='ocrx_word' id='word_1_37' title='bbox 869 611 916 671; x_wconf 87' lang='lat' dir='ltr'><strong>vel</strong></span> <span class='ocrx_word' id='word_1_38' title='bbox 939 631 955 672; x_wconf 85' lang='lat' dir='ltr'><strong>u</strong></span> <span class='ocrx_word' id='word_1_39' title='bbox 981 616 1065 672; x_wconf 91' lang='lat' dir='ltr'><strong>mutis</strong></span> 
     </span>
     <span class='ocr_line' id='line_1_6' title="bbox 58 687 1106 771; baseline 0.004 -19"><span class='ocrx_word' id='word_1_40' title='bbox 58 687 252 753; x_wconf 75' lang='lat' dir='ltr'><strong>discernere?</strong></span> <span class='ocrx_word' id='word_1_41' title='bbox 279 689 376 765; x_wconf 77' lang='lat' dir='ltr'><strong>Quid?</strong></span> <span class='ocrx_word' id='word_1_42' title='bbox 406 693 482 771; x_wconf 87' lang='lat' dir='ltr'><strong>quod</strong></span> <span class='ocrx_word' id='word_1_43' title='bbox 498 712 552 754; x_wconf 89' lang='lat' dir='ltr'><strong>nec</strong></span> <span class='ocrx_word' id='word_1_44' title='bbox 568 711 624 753; x_wconf 93' lang='lat' dir='ltr'><strong>uuo</strong></span> <span class='ocrx_word' id='word_1_45' title='bbox 647 697 733 756; x_wconf 90' lang='lat' dir='ltr'><strong>modo</strong></span> <span class='ocrx_word' id='word_1_46' title='bbox 750 696 883 756; x_wconf 88' lang='lat' dir='ltr'><strong>delinitur</strong></span> <span class='ocrx_word' id='word_1_47' title='bbox 898 714 945 755; x_wconf 89' lang='lat' dir='ltr'><strong>res</strong></span> <span class='ocrx_word' id='word_1_48' title='bbox 964 696 1106 763; x_wconf 73' lang='lat' dir='ltr'><strong>eudemio</strong></span> 
     </span>
     <span class='ocr_line' id='line_1_7' title="bbox 58 772 1077 859; baseline 0.009 -25"><span class='ocrx_word' id='word_1_49' title='bbox 58 775 102 854; x_wconf 88' lang='grc' dir='ltr'>(ιιι</span> <span class='ocrx_word' id='word_1_50' title='bbox 117 774 192 835; x_wconf 83' lang='lat' dir='ltr'><strong>lucit</strong></span> <span class='ocrx_word' id='word_1_51' title='bbox 204 772 328 835; x_wconf 84' lang='lat' dir='ltr'><strong>Cicero:</strong></span> <span class='ocrx_word' id='word_1_52' title='bbox 350 777 425 854; x_wconf 79' lang='lat' dir='ltr'><strong>quid</strong></span> <span class='ocrx_word' id='word_1_53' title='bbox 438 786 484 839; x_wconf 82' lang='lat' dir='ltr'><strong>est</strong></span> <span class='ocrx_word' id='word_1_54' title='bbox 496 779 575 839; x_wconf 83' lang='lat' dir='ltr'><strong>enim</strong></span> <span class='ocrx_word' id='word_1_55' title='bbox 589 780 705 858; x_wconf 77' lang='lat' dir='ltr'><strong>culpo?</strong></span> <span class='ocrx_word' id='word_1_56' title='bbox 724 781 899 859; x_wconf 82' lang='lat' dir='ltr'><strong>universos)</strong></span> <span class='ocrx_word' id='word_1_57' title='bbox 917 788 946 838; x_wconf 90' lang='lat' dir='ltr'><strong>et</strong></span> <span class='ocrx_word' id='word_1_58' title='bbox 961 779 1077 843; x_wconf 82' lang='lat' dir='ltr'><strong>latiore.</strong></span> 
     </span>
     <span class='ocr_line' id='line_1_8' title="bbox 57 860 1061 943; baseline 0.001 -23"><span class='ocrx_word' id='word_1_59' title='bbox 57 860 199 937; x_wconf 79' lang='lat' dir='ltr'><strong>varioque</strong></span> <span class='ocrx_word' id='word_1_60' title='bbox 226 866 364 936; x_wconf 75' lang='lat' dir='ltr'><strong>tractatu,</strong></span> <span class='ocrx_word' id='word_1_61' title='bbox 392 869 422 919; x_wconf 93' lang='lat' dir='ltr'><strong>ut</strong></span> <span class='ocrx_word' id='word_1_62' title='bbox 443 877 542 921; x_wconf 87' lang='lat' dir='ltr'><strong>omnes</strong></span> <span class='ocrx_word' id='word_1_63' title='bbox 566 872 699 923; x_wconf 82' lang='lat' dir='ltr'><strong>oratores</strong></span> <span class='ocrx_word' id='word_1_64' title='bbox 726 865 896 943; x_wconf 87' lang='lat' dir='ltr'><strong>plerumque</strong></span> <span class='ocrx_word' id='word_1_65' title='bbox 920 864 1061 924; x_wconf 89' lang='lat' dir='ltr'><strong>iecerunt.</strong></span> 
     </span>
     <span class='ocr_line' id='line_1_9' title="bbox 58 942 1062 1027; baseline 0.004 -25"><span class='ocrx_word' id='word_1_66' title='bbox 58 942 216 1003; x_wconf 67' lang='lat' dir='ltr'><strong>lenissime</strong></span> <span class='ocrx_word' id='word_1_67' title='bbox 232 944 306 1002; x_wconf 89' lang='lat' dir='ltr'><strong>enim</strong></span> <span class='ocrx_word' id='word_1_68' title='bbox 320 944 395 1022; x_wconf 80' lang='lat' dir='ltr'><strong>apud</strong></span> <span class='ocrx_word' id='word_1_69' title='bbox 412 961 464 1004; x_wconf 86' lang='lat' dir='ltr'><strong>eos</strong></span> <span class='ocrx_word' id='word_1_70' title='bbox 480 947 643 1024; x_wconf 87' lang='lat' dir='ltr'><strong>reperietur</strong></span> <span class='ocrx_word' id='word_1_71' title='bbox 657 947 706 1007; x_wconf 85' lang='lat' dir='ltr'><strong>illa</strong></span> <span class='ocrx_word' id='word_1_72' title='bbox 721 965 758 1007; x_wconf 82' lang='lat' dir='ltr'><strong>ex</strong></span> <span class='ocrx_word' id='word_1_73' title='bbox 774 947 982 1007; x_wconf 87' lang='lat' dir='ltr'><strong>consuetudine</strong></span> <span class='ocrx_word' id='word_1_74' title='bbox 1001 949 1062 1027; x_wconf 91' lang='lat' dir='ltr'><strong>phi·</strong></span> 
     </span>
     <span class='ocr_line' id='line_1_10' title="bbox 58 1027 1061 1111; baseline 0.003 -24"><span class='ocrx_word' id='word_1_75' title='bbox 58 1027 249 1106; x_wconf 85' lang='lat' dir='ltr'><strong>losoplrorum</strong></span> <span class='ocrx_word' id='word_1_76' title='bbox 270 1027 354 1088; x_wconf 84' lang='lat' dir='ltr'><strong>ductu</strong></span> <span class='ocrx_word' id='word_1_77' title='bbox 378 1031 503 1088; x_wconf 85' lang='lat' dir='ltr'><strong>servitus</strong></span> <span class='ocrx_word' id='word_1_78' title='bbox 525 1029 587 1106; x_wconf 90' lang='lat' dir='ltr'><strong>(est</strong></span> <span class='ocrx_word' id='word_1_79' title='bbox 611 1040 691 1090; x_wconf 90' lang='lat' dir='ltr'><strong>certe</strong></span> <span class='ocrx_word' id='word_1_80' title='bbox 716 1032 856 1111; x_wconf 87' lang='lat' dir='ltr'><strong>servitus)</strong></span> <span class='ocrx_word' id='word_1_81' title='bbox 881 1030 916 1090; x_wconf 83' lang='lat' dir='ltr'><strong>ad</strong></span> <span class='ocrx_word' id='word_1_82' title='bbox 933 1041 1012 1091; x_wconf 82' lang='lat' dir='ltr'><strong>certa</strong></span> <span class='ocrx_word' id='word_1_83' title='bbox 1028 1049 1061 1090; x_wconf 93' lang='lat' dir='ltr'><strong>se</strong></span> 
     </span>
     <span class='ocr_line' id='line_1_11' title="bbox 57 1110 1062 1190; baseline 0 -16"><span class='ocrx_word' id='word_1_84' title='bbox 57 1110 148 1174; x_wconf 79' lang='lat' dir='ltr'><strong>verite</strong></span> <span class='ocrx_word' id='word_1_85' title='bbox 162 1112 355 1190; x_wconf 80' lang='lat' dir='ltr'><strong>astringendi,</strong></span> <span class='ocrx_word' id='word_1_86' title='bbox 371 1112 458 1189; x_wconf 88' lang='lat' dir='ltr'><strong>idque</strong></span> <span class='ocrx_word' id='word_1_87' title='bbox 473 1113 635 1174; x_wconf 83' lang='lat' dir='ltr'><strong>iaciendum</strong></span> <span class='ocrx_word' id='word_1_88' title='bbox 648 1116 675 1173; x_wconf 94' lang='lat' dir='ltr'><strong>in</strong></span> <span class='ocrx_word' id='word_1_89' title='bbox 691 1114 771 1175; x_wconf 83' lang='lat' dir='ltr'><strong>libris</strong></span> <span class='ocrx_word' id='word_1_90' title='bbox 780 1112 930 1175; x_wconf 82' lang='lat' dir='ltr'><strong>ciceronis</strong></span> <span class='ocrx_word' id='word_1_91' title='bbox 943 1115 978 1175; x_wconf 88' lang='lat' dir='ltr'><strong>de</strong></span> <span class='ocrx_word' id='word_1_92' title='bbox 991 1114 1062 1174; x_wconf 85' lang='lat' dir='ltr'><strong>Oru-</strong></span> 
     </span>
     <span class='ocr_line' id='line_1_12' title="bbox 58 1193 1104 1277; baseline -0.001 -20"><span class='ocrx_word' id='word_1_93' title='bbox 58 1195 120 1257; x_wconf 75' lang='lat' dir='ltr'><strong>tore</strong></span> <span class='ocrx_word' id='word_1_94' title='bbox 146 1204 228 1256; x_wconf 85' lang='lat' dir='ltr'><strong>vetut</strong></span> <span class='ocrx_word' id='word_1_95' title='bbox 249 1193 287 1255; x_wconf 84' lang='grc' dir='ltr'><strong>Μ.</strong></span> <span class='ocrx_word' id='word_1_96' title='bbox 312 1195 463 1256; x_wconf 78' lang='lat' dir='ltr'><strong>Antonius.</strong></span> <span class='ocrx_word' id='word_1_97' title='bbox 490 1194 563 1257; x_wconf 84' lang='lat' dir='ltr'><strong>Nam</strong></span> <span class='ocrx_word' id='word_1_98' title='bbox 583 1207 629 1257; x_wconf 89' lang='lat' dir='ltr'><strong>est</strong></span> <span class='ocrx_word' id='word_1_99' title='bbox 649 1200 734 1259; x_wconf 85' lang='lat' dir='ltr'><strong>etiam</strong></span> <span class='ocrx_word' id='word_1_100' title='bbox 756 1197 968 1277; x_wconf 90' lang='lat' dir='ltr'><strong>periculosum,</strong></span> <span class='ocrx_word' id='word_1_101' title='bbox 988 1216 1104 1274; x_wconf 77' lang='lat' dir='ltr'><strong>cum,1p</strong></span> 
     </span>
     <span class='ocr_line' id='line_1_13' title="bbox 58 1279 1061 1354; baseline -0.001 -13"><span class='ocrx_word' id='word_1_102' title='bbox 58 1282 79 1341; x_wconf 93' lang='lat' dir='ltr'><strong>si</strong></span> <span class='ocrx_word' id='word_1_103' title='bbox 106 1297 166 1340; x_wconf 91' lang='lat' dir='ltr'><strong>uno</strong></span> <span class='ocrx_word' id='word_1_104' title='bbox 192 1279 284 1339; x_wconf 88' lang='lat' dir='ltr'><strong>verbo</strong></span> <span class='ocrx_word' id='word_1_105' title='bbox 308 1281 345 1339; x_wconf 87' lang='lat' dir='ltr'><strong>sit</strong></span> <span class='ocrx_word' id='word_1_106' title='bbox 369 1288 511 1354; x_wconf 84' lang='lat' dir='ltr'><strong>erratum,</strong></span> <span class='ocrx_word' id='word_1_107' title='bbox 533 1290 593 1341; x_wconf 83' lang='lat' dir='ltr'><strong>tota</strong></span> <span class='ocrx_word' id='word_1_108' title='bbox 615 1300 702 1343; x_wconf 82' lang='lat' dir='ltr'><strong>causo</strong></span> <span class='ocrx_word' id='word_1_109' title='bbox 729 1281 874 1342; x_wconf 91' lang='lat' dir='ltr'><strong>cecidisse</strong></span> <span class='ocrx_word' id='word_1_110' title='bbox 898 1283 1061 1349; x_wconf 63' lang='lat' dir='ltr'><strong>vicennam</strong></span> 
     </span>
     <span class='ocr_line' id='line_1_14' title="bbox 58 1362 1061 1444; baseline -0.002 -19"><span class='ocrx_word' id='word_1_111' title='bbox 58 1366 226 1444; x_wconf 80' lang='lat' dir='ltr'><strong>optimaque</strong></span> <span class='ocrx_word' id='word_1_112' title='bbox 241 1373 287 1424; x_wconf 89' lang='lat' dir='ltr'><strong>ost</strong></span> <span class='ocrx_word' id='word_1_113' title='bbox 300 1363 350 1424; x_wconf 86' lang='lat' dir='ltr'><strong>illu</strong></span> <span class='ocrx_word' id='word_1_114' title='bbox 364 1364 457 1425; x_wconf 85' lang='lat' dir='ltr'><strong>media</strong></span> <span class='ocrx_word' id='word_1_115' title='bbox 472 1364 533 1441; x_wconf 83' lang='lat' dir='ltr'><strong>via,</strong></span> <span class='ocrx_word' id='word_1_116' title='bbox 555 1383 611 1443; x_wconf 85' lang='lat' dir='ltr'><strong>qua</strong></span> <span class='ocrx_word' id='word_1_117' title='bbox 630 1368 716 1428; x_wconf 90' lang='lat' dir='ltr'><strong>utitur</strong></span> <span class='ocrx_word' id='word_1_118' title='bbox 734 1364 839 1427; x_wconf 80' lang='lat' dir='ltr'><strong>Cicero</strong></span> <span class='ocrx_word' id='word_1_119' title='bbox 857 1382 910 1444; x_wconf 92' lang='lat' dir='ltr'><strong>pro</strong></span> <span class='ocrx_word' id='word_1_120' title='bbox 924 1362 1061 1439; x_wconf 81' lang='lat' dir='ltr'><strong>Caecina,</strong></span> 
     </span>
    </p>

    <p class='ocr_par' dir='ltr' id='par_1_3' title="bbox 55 1446 1173 2451">
     <span class='ocr_line' id='line_1_15' title="bbox 57 1446 1062 1529; baseline 0.002 -21"><span class='ocrx_word' id='word_1_121' title='bbox 57 1458 86 1508; x_wconf 91' lang='lat' dir='ltr'><strong>ut</strong></span> <span class='ocrx_word' id='word_1_122' title='bbox 106 1467 157 1509; x_wconf 85' lang='lat' dir='ltr'><strong>res</strong></span> <span class='ocrx_word' id='word_1_123' title='bbox 174 1455 369 1527; x_wconf 76' lang='lat' dir='ltr'><strong>proponatur,</strong></span> <span class='ocrx_word' id='word_1_124' title='bbox 393 1447 483 1508; x_wconf 81' lang='lat' dir='ltr'><strong>rerba</strong></span> <span class='ocrx_word' id='word_1_125' title='bbox 506 1466 563 1509; x_wconf 93' lang='lat' dir='ltr'><strong>non</strong></span> <span class='ocrx_word' id='word_1_126' title='bbox 584 1450 792 1529; x_wconf 74' lang='lat' dir='ltr'><strong>periclitentur.</strong></span> <span class='ocrx_word' id='word_1_127' title='bbox 832 1446 966 1526; x_wconf 79' lang='lat' dir='ltr'><strong>Etenim,</strong></span> <span class='ocrx_word' id='word_1_128' title='bbox 979 1450 1062 1510; x_wconf 84' lang='lat' dir='ltr'><strong>reci-</strong></span> 
     </span>
     <span class='ocr_line' id='line_1_16' title="bbox 55 1533 1064 1614; baseline -0.002 -19"><span class='ocrx_word' id='word_1_129' title='bbox 55 1541 234 1612; x_wconf 79' lang='lat' dir='ltr'><strong>peratores,</strong></span> <span class='ocrx_word' id='word_1_130' title='bbox 256 1551 317 1594; x_wconf 82' lang='lat' dir='ltr'><strong>ooo</strong></span> <span class='ocrx_word' id='word_1_131' title='bbox 336 1549 375 1593; x_wconf 86' lang='lat' dir='ltr'><strong>ea</strong></span> <span class='ocrx_word' id='word_1_132' title='bbox 394 1534 462 1594; x_wconf 84' lang='lat' dir='ltr'><strong>solo</strong></span> <span class='ocrx_word' id='word_1_133' title='bbox 482 1534 529 1594; x_wconf 80' lang='lat' dir='ltr'><strong>oio</strong></span> <span class='ocrx_word' id='word_1_134' title='bbox 550 1533 610 1611; x_wconf 82' lang='lat' dir='ltr'><strong>est,</strong></span> <span class='ocrx_word' id='word_1_135' title='bbox 634 1551 714 1612; x_wconf 79' lang='lat' dir='ltr'><strong>quoe</strong></span> <span class='ocrx_word' id='word_1_136' title='bbox 727 1533 773 1596; x_wconf 83' lang='lat' dir='ltr'><strong>od</strong></span> <span class='ocrx_word' id='word_1_137' title='bbox 796 1552 910 1614; x_wconf 83' lang='lat' dir='ltr'><strong>corpus</strong></span> <span class='ocrx_word' id='word_1_138' title='bbox 928 1541 1064 1596; x_wconf 76' lang='lat' dir='ltr'><strong>nostrum</strong></span> 
     </span>
     <span class='ocr_line' id='line_1_17' title="bbox 56 1618 1062 1697; baseline 0 -18"><span class='ocrx_word' id='word_1_139' title='bbox 56 1619 212 1696; x_wconf 82' lang='lat' dir='ltr'><strong>citamque</strong></span> <span class='ocrx_word' id='word_1_140' title='bbox 227 1618 384 1696; x_wconf 80' lang='lat' dir='ltr'><strong>pervenit,</strong></span> <span class='ocrx_word' id='word_1_141' title='bbox 401 1618 563 1678; x_wconf 76' lang='lat' dir='ltr'><strong>sedetiam</strong></span> <span class='ocrx_word' id='word_1_142' title='bbox 576 1620 667 1680; x_wconf 73' lang='lat' dir='ltr'><strong>morito</strong></span> <span class='ocrx_word' id='word_1_143' title='bbox 683 1620 782 1680; x_wconf 72' lang='lat' dir='ltr'><strong>molor</strong></span> <span class='ocrx_word' id='word_1_144' title='bbox 797 1637 851 1696; x_wconf 91' lang='lat' dir='ltr'><strong>eo,</strong></span> <span class='ocrx_word' id='word_1_145' title='bbox 869 1635 965 1696; x_wconf 79' lang='lat' dir='ltr'><strong>quoe,</strong></span> <span class='ocrx_word' id='word_1_146' title='bbox 978 1619 1062 1697; x_wconf 80' lang='lat' dir='ltr'><strong>peci-</strong></span> 
     </span>
     <span class='ocr_line' id='line_1_18' title="bbox 58 1700 1063 1780; baseline -0.002 -16"><span class='ocrx_word' id='word_1_147' title='bbox 58 1703 125 1764; x_wconf 83' lang='lat' dir='ltr'><strong>oulo</strong></span> <span class='ocrx_word' id='word_1_148' title='bbox 141 1703 250 1762; x_wconf 80' lang='lat' dir='ltr'><strong>mortis</strong></span> <span class='ocrx_word' id='word_1_149' title='bbox 276 1701 405 1777; x_wconf 85' lang='lat' dir='ltr'><strong>iniecto,</strong></span> <span class='ocrx_word' id='word_1_150' title='bbox 429 1700 595 1778; x_wconf 69' lang='lat' dir='ltr'><strong>formidine</strong></span> <span class='ocrx_word' id='word_1_151' title='bbox 621 1703 753 1763; x_wconf 74' lang='lat' dir='ltr'><strong>opimum</strong></span> <span class='ocrx_word' id='word_1_152' title='bbox 769 1705 974 1780; x_wconf 83' lang='lat' dir='ltr'><strong>perterritum</strong></span> <span class='ocrx_word' id='word_1_153' title='bbox 998 1703 1063 1763; x_wconf 88' lang='lat' dir='ltr'><strong>loco</strong></span> 
     </span>
     <span class='ocr_line' id='line_1_19' title="bbox 57 1785 1107 1864; baseline 0.001 -19"><span class='ocrx_word' id='word_1_154' title='bbox 57 1804 152 1864; x_wconf 77' lang='lat' dir='ltr'><strong>coepe</strong></span> <span class='ocrx_word' id='word_1_155' title='bbox 174 1792 204 1845; x_wconf 91' lang='lat' dir='ltr'><strong>et</strong></span> <span class='ocrx_word' id='word_1_156' title='bbox 224 1791 307 1846; x_wconf 91' lang='lat' dir='ltr'><strong>certo</strong></span> <span class='ocrx_word' id='word_1_157' title='bbox 320 1791 402 1844; x_wconf 82' lang='lat' dir='ltr'><strong>stolo</strong></span> <span class='ocrx_word' id='word_1_158' title='bbox 417 1786 561 1846; x_wconf 77' lang='lat' dir='ltr'><strong>demovet.</strong></span> <span class='ocrx_word' id='word_1_159' title='bbox 590 1785 663 1861; x_wconf 79' lang='lat' dir='ltr'><strong>Aut,</strong></span> <span class='ocrx_word' id='word_1_160' title='bbox 686 1803 749 1844; x_wconf 93' lang='lat' dir='ltr'><strong>cum</strong></span> <span class='ocrx_word' id='word_1_161' title='bbox 769 1785 925 1845; x_wconf 81' lang='lat' dir='ltr'><strong>linitionem</strong></span> <span class='ocrx_word' id='word_1_162' title='bbox 942 1802 1063 1863; x_wconf 82' lang='lat' dir='ltr'><strong>proece-</strong></span> <span class='ocrx_word' id='word_1_163' title='bbox 1073 1793 1107 1848; x_wconf 82' lang='lat'><strong>18</strong></span> 
     </span>
     <span class='ocr_line' id='line_1_20' title="bbox 58 1866 1130 1948; baseline -0.004 -19"><span class='ocrx_word' id='word_1_164' title='bbox 58 1869 96 1929; x_wconf 86' lang='lat' dir='ltr'><strong>iit</strong></span> <span class='ocrx_word' id='word_1_165' title='bbox 124 1866 278 1948; x_wconf 81' lang='lat' dir='ltr'><strong>probatio,</strong></span> <span class='ocrx_word' id='word_1_166' title='bbox 305 1876 336 1927; x_wconf 93' lang='lat' dir='ltr'><strong>ut</strong></span> <span class='ocrx_word' id='word_1_167' title='bbox 360 1869 389 1928; x_wconf 94' lang='lat' dir='ltr'><strong>in</strong></span> <span class='ocrx_word' id='word_1_168' title='bbox 411 1867 579 1946; x_wconf 83' lang='lat' dir='ltr'><strong>Philippicis</strong></span> <span class='ocrx_word' id='word_1_169' title='bbox 605 1867 710 1929; x_wconf 82' lang='lat' dir='ltr'><strong>cicero</strong></span> <span class='ocrx_word' id='word_1_170' title='bbox 743 1868 874 1928; x_wconf 87' lang='lat' dir='ltr'><strong>Servium</strong></span> <span class='ocrx_word' id='word_1_171' title='bbox 903 1868 1062 1945; x_wconf 73' lang='lat' dir='ltr'><strong>SulpIcium</strong></span> <span class='ocrx_word' id='word_1_172' title='bbox 1129 1899 1130 1903; x_wconf 62' lang='lat'><em>=</em></span> 
     </span>
     <span class='ocr_line' id='line_1_21' title="bbox 57 1950 1062 2029; baseline -0.004 -17"><span class='ocrx_word' id='word_1_173' title='bbox 57 1953 187 2013; x_wconf 90' lang='lat' dir='ltr'><strong>occisum</strong></span> <span class='ocrx_word' id='word_1_174' title='bbox 210 1950 246 2011; x_wconf 82' lang='lat' dir='ltr'><strong>ul)</strong></span> <span class='ocrx_word' id='word_1_175' title='bbox 262 1951 387 2011; x_wconf 82' lang='lat' dir='ltr'><strong>Antonio</strong></span> <span class='ocrx_word' id='word_1_176' title='bbox 406 1951 519 2029; x_wconf 80' lang='lat' dir='ltr'><strong>colligit</strong></span> <span class='ocrx_word' id='word_1_177' title='bbox 537 1960 565 2011; x_wconf 91' lang='lat' dir='ltr'><strong>et</strong></span> <span class='ocrx_word' id='word_1_178' title='bbox 588 1954 615 2012; x_wconf 92' lang='lat' dir='ltr'><strong>in</strong></span> <span class='ocrx_word' id='word_1_179' title='bbox 635 1950 765 2012; x_wconf 83' lang='lat' dir='ltr'><strong>clausule</strong></span> <span class='ocrx_word' id='word_1_180' title='bbox 791 1950 902 2010; x_wconf 89' lang='lat' dir='ltr'><strong>demum</strong></span> <span class='ocrx_word' id='word_1_181' title='bbox 928 1953 965 2010; x_wconf 82' lang='lat' dir='ltr'><strong>ita</strong></span> <span class='ocrx_word' id='word_1_182' title='bbox 987 1951 1062 2008; x_wconf 91' lang='lat' dir='ltr'><strong>linit:</strong></span> 
     </span>
     <span class='ocr_line' id='line_1_22' title="bbox 57 2034 1062 2114; baseline -0.001 -19"><span class='ocrx_word' id='word_1_183' title='bbox 57 2034 89 2096; x_wconf 78' lang='lat' dir='ltr'><strong>le</strong></span> <span class='ocrx_word' id='word_1_184' title='bbox 115 2038 196 2097; x_wconf 79' lang='lat' dir='ltr'><strong>emim</strong></span> <span class='ocrx_word' id='word_1_185' title='bbox 219 2035 357 2113; x_wconf 74' lang='lat' dir='ltr'><strong>profecto</strong></span> <span class='ocrx_word' id='word_1_186' title='bbox 383 2043 508 2097; x_wconf 89' lang='lat' dir='ltr'><strong>mortem</strong></span> <span class='ocrx_word' id='word_1_187' title='bbox 531 2037 647 2112; x_wconf 84' lang='lat' dir='ltr'><strong>ottulit,</strong></span> <span class='ocrx_word' id='word_1_188' title='bbox 677 2037 730 2114; x_wconf 78' lang='lat' dir='ltr'><strong>poi</strong></span> <span class='ocrx_word' id='word_1_189' title='bbox 751 2053 849 2096; x_wconf 83' lang='lat' dir='ltr'><strong>causo</strong></span> <span class='ocrx_word' id='word_1_190' title='bbox 870 2035 976 2095; x_wconf 85' lang='lat' dir='ltr'><strong>mortis</strong></span> <span class='ocrx_word' id='word_1_191' title='bbox 994 2034 1062 2111; x_wconf 80' lang='lat' dir='ltr'><strong>fuit.</strong></span> 
     </span>
     <span class='ocr_line' id='line_1_23' title="bbox 57 2116 1061 2198; baseline -0.002 -20"><span class='ocrx_word' id='word_1_192' title='bbox 57 2118 122 2178; x_wconf 88' lang='lat' dir='ltr'><strong>Non</strong></span> <span class='ocrx_word' id='word_1_193' title='bbox 141 2120 310 2197; x_wconf 75' lang='lat' dir='ltr'><strong>negaverim</strong></span> <span class='ocrx_word' id='word_1_194' title='bbox 337 2128 448 2195; x_wconf 82' lang='lat' dir='ltr'><strong>tamen,</strong></span> <span class='ocrx_word' id='word_1_195' title='bbox 471 2119 544 2179; x_wconf 86' lang='lat' dir='ltr'><strong>lmec</strong></span> <span class='ocrx_word' id='word_1_196' title='bbox 568 2136 702 2198; x_wconf 87' lang='lat' dir='ltr'><strong>quoque,</strong></span> <span class='ocrx_word' id='word_1_197' title='bbox 731 2127 761 2177; x_wconf 93' lang='lat' dir='ltr'><strong>ut</strong></span> <span class='ocrx_word' id='word_1_198' title='bbox 784 2118 921 2197; x_wconf 86' lang='lat' dir='ltr'><strong>expediet</strong></span> <span class='ocrx_word' id='word_1_199' title='bbox 945 2116 1061 2189; x_wconf 81' lang='lat' dir='ltr'><strong>causae,</strong></span> 
     </span>
     <span class='ocr_line' id='line_1_24' title="bbox 58 2200 1062 2281; baseline -0.004 -18"><span class='ocrx_word' id='word_1_200' title='bbox 58 2220 125 2263; x_wconf 89' lang='lat' dir='ltr'><strong>esse</strong></span> <span class='ocrx_word' id='word_1_201' title='bbox 143 2202 304 2277; x_wconf 80' lang='lat' dir='ltr'><strong>iacienda„</strong></span> <span class='ocrx_word' id='word_1_202' title='bbox 315 2211 344 2262; x_wconf 88' lang='lat' dir='ltr'><strong>et</strong></span> <span class='ocrx_word' id='word_1_203' title='bbox 366 2203 390 2261; x_wconf 91' lang='lat' dir='ltr'><strong>si</strong></span> <span class='ocrx_word' id='word_1_204' title='bbox 412 2203 525 2281; x_wconf 83' lang='lat' dir='ltr'><strong>quando</strong></span> <span class='ocrx_word' id='word_1_205' title='bbox 541 2204 620 2264; x_wconf 83' lang='lat' dir='ltr'><strong>iirmu</strong></span> <span class='ocrx_word' id='word_1_206' title='bbox 637 2202 842 2281; x_wconf 89' lang='lat' dir='ltr'><strong>comprehendi</strong></span> <span class='ocrx_word' id='word_1_207' title='bbox 859 2203 965 2281; x_wconf 89' lang='lat' dir='ltr'><strong>poterit</strong></span> <span class='ocrx_word' id='word_1_208' title='bbox 981 2200 1062 2261; x_wconf 84' lang='lat' dir='ltr'><strong>brevi</strong></span> 
     </span>
     <span class='ocr_line' id='line_1_25' title="bbox 58 2286 1173 2365; baseline -0.002 -19"><span class='ocrx_word' id='word_1_209' title='bbox 58 2287 214 2365; x_wconf 82' lang='lat' dir='ltr'><strong>complexu</strong></span> <span class='ocrx_word' id='word_1_210' title='bbox 236 2286 392 2346; x_wconf 81' lang='lat' dir='ltr'><strong>verborum</strong></span> <span class='ocrx_word' id='word_1_211' title='bbox 414 2287 520 2346; x_wconf 91' lang='lat' dir='ltr'><strong>linitio:</strong></span> <span class='ocrx_word' id='word_1_212' title='bbox 543 2307 610 2347; x_wconf 88' lang='lat' dir='ltr'><strong>esse</strong></span> <span class='ocrx_word' id='word_1_213' title='bbox 631 2289 659 2348; x_wconf 90' lang='lat' dir='ltr'><strong>id</strong></span> <span class='ocrx_word' id='word_1_214' title='bbox 680 2296 739 2347; x_wconf 90' lang='lat' dir='ltr'><strong>tum</strong></span> <span class='ocrx_word' id='word_1_215' title='bbox 761 2286 881 2364; x_wconf 80' lang='lat' dir='ltr'><strong>elegans</strong></span> <span class='ocrx_word' id='word_1_216' title='bbox 903 2287 1062 2346; x_wconf 81' lang='lat' dir='ltr'><strong>tumetium</strong></span> <span class='ocrx_word' id='word_1_217' title='bbox 1172 2323 1173 2326; x_wconf 57' lang='lat'><em>=</em></span> 
     </span>
     <span class='ocr_line' id='line_1_26' title="bbox 57 2369 793 2451; baseline -0.003 -21"><span class='ocrx_word' id='word_1_218' title='bbox 57 2371 262 2444; x_wconf 86' lang='lat' dir='ltr'><strong>iortissimum,</strong></span> <span class='ocrx_word' id='word_1_219' title='bbox 278 2369 402 2430; x_wconf 90' lang='lat' dir='ltr'><strong>simodo</strong></span> <span class='ocrx_word' id='word_1_220' title='bbox 418 2372 473 2429; x_wconf 87' lang='lat' dir='ltr'><strong>erit</strong></span> <span class='ocrx_word' id='word_1_221' title='bbox 489 2370 538 2432; x_wconf 84' lang='lat' dir='ltr'><strong>illu</strong></span> <span class='ocrx_word' id='word_1_222' title='bbox 552 2371 793 2451; x_wconf 82' lang='lat' dir='ltr'><strong>inexpugnabilis.</strong></span> 
     </span>
    </p>

    <p class='ocr_par' dir='ltr' id='par_1_4' title="bbox 57 2451 1105 2700">
     <span class='ocr_line' id='line_1_27' title="bbox 142 2451 1105 2535; baseline 0.006 -22"><span class='ocrx_word' id='word_1_223' title='bbox 142 2453 213 2513; x_wconf 81' lang='lat' dir='ltr'><strong>Eius</strong></span> <span class='ocrx_word' id='word_1_224' title='bbox 238 2463 334 2514; x_wconf 86' lang='lat' dir='ltr'><strong>certus</strong></span> <span class='ocrx_word' id='word_1_225' title='bbox 359 2453 430 2512; x_wconf 88' lang='lat' dir='ltr'><strong>ordo</strong></span> <span class='ocrx_word' id='word_1_226' title='bbox 455 2463 517 2529; x_wconf 91' lang='lat' dir='ltr'><strong>est,</strong></span> <span class='ocrx_word' id='word_1_227' title='bbox 545 2455 629 2533; x_wconf 86' lang='lat' dir='ltr'><strong>quid</strong></span> <span class='ocrx_word' id='word_1_228' title='bbox 653 2451 723 2535; x_wconf 78' lang='lat' dir='ltr'><strong>siti</strong></span> <span class='ocrx_word' id='word_1_229' title='bbox 748 2473 791 2514; x_wconf 85' lang='lat' dir='ltr'><strong>en</strong></span> <span class='ocrx_word' id='word_1_230' title='bbox 812 2454 883 2514; x_wconf 88' lang='lat' dir='ltr'><strong>hoc</strong></span> <span class='ocrx_word' id='word_1_231' title='bbox 899 2452 967 2513; x_wconf 85' lang='lat' dir='ltr'><strong>sit&#39;l</strong></span> <span class='ocrx_word' id='word_1_232' title='bbox 991 2463 1020 2513; x_wconf 89' lang='lat' dir='ltr'><strong>et</strong></span> <span class='ocrx_word' id='word_1_233' title='bbox 1036 2456 1105 2518; x_wconf 72' lang='lat' dir='ltr'><strong>inti)</strong></span> 
     </span>
     <span class='ocr_line' id='line_1_28' title="bbox 57 2536 1063 2615; baseline -0.003 -17"><span class='ocrx_word' id='word_1_234' title='bbox 57 2537 198 2598; x_wconf 85' lang='lat' dir='ltr'><strong>incolere</strong></span> <span class='ocrx_word' id='word_1_235' title='bbox 220 2536 304 2598; x_wconf 86' lang='lat' dir='ltr'><strong>luhor</strong></span> <span class='ocrx_word' id='word_1_236' title='bbox 317 2537 409 2597; x_wconf 85' lang='lat' dir='ltr'><strong>maior</strong></span> <span class='ocrx_word' id='word_1_237' title='bbox 423 2546 486 2613; x_wconf 92' lang='lat' dir='ltr'><strong>est,</strong></span> <span class='ocrx_word' id='word_1_238' title='bbox 507 2546 537 2596; x_wconf 85' lang='lat' dir='ltr'><strong>ut</strong></span> <span class='ocrx_word' id='word_1_239' title='bbox 558 2539 713 2599; x_wconf 89' lang='lat' dir='ltr'><strong>linitionem</strong></span> <span class='ocrx_word' id='word_1_240' title='bbox 736 2536 906 2610; x_wconf 79' lang='lat' dir='ltr'><strong>confirmes,</strong></span> <span class='ocrx_word' id='word_1_241' title='bbox 929 2555 1012 2615; x_wconf 83' lang='lat' dir='ltr'><strong>quem</strong></span> <span class='ocrx_word' id='word_1_242' title='bbox 1033 2547 1063 2595; x_wconf 86' lang='lat' dir='ltr'><strong>ut</strong></span> 
     </span>
     <span class='ocr_line' id='line_1_29' title="bbox 57 2620 860 2700; baseline 0 -20"><span class='ocrx_word' id='word_1_243' title='bbox 57 2623 82 2680; x_wconf 93' lang='lat' dir='ltr'><strong>in</strong></span> <span class='ocrx_word' id='word_1_244' title='bbox 100 2639 165 2682; x_wconf 89' lang='lat' dir='ltr'><strong>rem</strong></span> <span class='ocrx_word' id='word_1_245' title='bbox 178 2620 336 2681; x_wconf 90' lang='lat' dir='ltr'><strong>linitionem</strong></span> <span class='ocrx_word' id='word_1_246' title='bbox 350 2621 491 2700; x_wconf 79' lang='lat' dir='ltr'><strong>applices.</strong></span> <span class='ocrx_word' id='word_1_247' title='bbox 858 2649 860 2652; x_wconf 45' lang='lat'><strong>⁴</strong></span> 
     </span>
    </p>

    <p class='ocr_par' dir='ltr' id='par_1_5' title="bbox 56 2702 1105 3536">
     <span class='ocr_line' id='line_1_30' title="bbox 140 2702 1064 2784; baseline -0.004 -20"><span class='ocrx_word' id='word_1_248' title='bbox 140 2703 175 2764; x_wconf 91' lang='lat' dir='ltr'><strong>ln</strong></span> <span class='ocrx_word' id='word_1_249' title='bbox 202 2721 255 2780; x_wconf 89' lang='lat' dir='ltr'><strong>eo,</strong></span> <span class='ocrx_word' id='word_1_250' title='bbox 283 2704 367 2783; x_wconf 85' lang='lat' dir='ltr'><strong>quid</strong></span> <span class='ocrx_word' id='word_1_251' title='bbox 398 2702 467 2764; x_wconf 79' lang='lat' dir='ltr'><strong>sit?</strong></span> <span class='ocrx_word' id='word_1_252' title='bbox 495 2703 603 2784; x_wconf 85' lang='lat' dir='ltr'><strong>duplex</strong></span> <span class='ocrx_word' id='word_1_253' title='bbox 630 2721 703 2783; x_wconf 86' lang='lat' dir='ltr'><strong>opus</strong></span> <span class='ocrx_word' id='word_1_254' title='bbox 731 2713 785 2763; x_wconf 90' lang='lat' dir='ltr'><strong>est.</strong></span> <span class='ocrx_word' id='word_1_255' title='bbox 823 2702 895 2763; x_wconf 84' lang='lat' dir='ltr'><strong>Num</strong></span> <span class='ocrx_word' id='word_1_256' title='bbox 914 2711 944 2761; x_wconf 92' lang='lat' dir='ltr'><strong>et</strong></span> <span class='ocrx_word' id='word_1_257' title='bbox 965 2711 1064 2761; x_wconf 87' lang='lat' dir='ltr'><strong>nostru</strong></span> 
     </span>
     <span class='ocr_line' id='line_1_31' title="bbox 58 2784 1105 2865; baseline 0 -18"><span class='ocrx_word' id='word_1_258' title='bbox 58 2787 254 2848; x_wconf 79' lang='lat' dir='ltr'><strong>confirmanda</strong></span> <span class='ocrx_word' id='word_1_259' title='bbox 276 2796 321 2848; x_wconf 88' lang='lat' dir='ltr'><strong>cst</strong></span> <span class='ocrx_word' id='word_1_260' title='bbox 342 2798 372 2849; x_wconf 87' lang='lat' dir='ltr'><strong>et</strong></span> <span class='ocrx_word' id='word_1_261' title='bbox 395 2789 536 2849; x_wconf 84' lang='lat' dir='ltr'><strong>sdversse</strong></span> <span class='ocrx_word' id='word_1_262' title='bbox 554 2790 643 2865; x_wconf 81' lang='lat' dir='ltr'><strong>partis</strong></span> <span class='ocrx_word' id='word_1_263' title='bbox 662 2788 836 2848; x_wconf 78' lang='lat' dir='ltr'><strong>destruenda</strong></span> <span class='ocrx_word' id='word_1_264' title='bbox 852 2787 951 2847; x_wconf 85' lang='lat' dir='ltr'><strong>linitio.</strong></span> <span class='ocrx_word' id='word_1_265' title='bbox 980 2784 1105 2847; x_wconf 79' lang='lat' dir='ltr'><strong>Ideo-to</strong></span> 
     </span>
     <span class='ocr_line' id='line_1_32' title="bbox 56 2869 1063 2950; baseline -0.004 -18"><span class='ocrx_word' id='word_1_266' title='bbox 56 2889 113 2950; x_wconf 83' lang='lat' dir='ltr'><strong>que</strong></span> <span class='ocrx_word' id='word_1_267' title='bbox 132 2872 162 2931; x_wconf 93' lang='lat' dir='ltr'><strong>in</strong></span> <span class='ocrx_word' id='word_1_268' title='bbox 177 2871 298 2948; x_wconf 83' lang='lat' dir='ltr'><strong>schole,</strong></span> <span class='ocrx_word' id='word_1_269' title='bbox 314 2872 361 2933; x_wconf 87' lang='lat' dir='ltr'><strong>uhi</strong></span> <span class='ocrx_word' id='word_1_270' title='bbox 376 2871 460 2931; x_wconf 83' lang='lat' dir='ltr'><strong>nohis</strong></span> <span class='ocrx_word' id='word_1_271' title='bbox 477 2874 533 2950; x_wconf 92' lang='lat' dir='ltr'><strong>ipsi</strong></span> <span class='ocrx_word' id='word_1_272' title='bbox 552 2872 683 2948; x_wconf 80' lang='lat' dir='ltr'><strong>tingimus</strong></span> <span class='ocrx_word' id='word_1_273' title='bbox 700 2871 972 2946; x_wconf 78' lang='lat' dir='ltr'><strong>contradictionem,</strong></span> <span class='ocrx_word' id='word_1_274' title='bbox 991 2869 1063 2929; x_wconf 89' lang='lat' dir='ltr'><strong>duos</strong></span> 
     </span>
     <span class='ocr_line' id='line_1_33' title="bbox 57 2954 1062 3034; baseline -0.005 -19"><span class='ocrx_word' id='word_1_275' title='bbox 57 2972 170 3034; x_wconf 88' lang='lat' dir='ltr'><strong>ponere</strong></span> <span class='ocrx_word' id='word_1_276' title='bbox 185 2954 323 3016; x_wconf 84' lang='lat' dir='ltr'><strong>dehemus</strong></span> <span class='ocrx_word' id='word_1_277' title='bbox 340 2956 429 3031; x_wconf 89' lang='lat' dir='ltr'><strong>lines,</strong></span> <span class='ocrx_word' id='word_1_278' title='bbox 452 2955 554 3034; x_wconf 83' lang='lat' dir='ltr'><strong>quales</strong></span> <span class='ocrx_word' id='word_1_279' title='bbox 571 2956 704 3033; x_wconf 86' lang='lat' dir='ltr'><strong>utrinque</strong></span> <span class='ocrx_word' id='word_1_280' title='bbox 721 2974 788 3016; x_wconf 92' lang='lat' dir='ltr'><strong>esse</strong></span> <span class='ocrx_word' id='word_1_281' title='bbox 804 2956 901 3034; x_wconf 90' lang='lat' dir='ltr'><strong>optimi</strong></span> <span class='ocrx_word' id='word_1_282' title='bbox 918 2963 1062 3034; x_wconf 89' lang='lat' dir='ltr'><strong>poterunt.</strong></span> 
     </span>
     <span class='ocr_line' id='line_1_34' title="bbox 59 3037 1064 3118; baseline -0.002 -20"><span class='ocrx_word' id='word_1_283' title='bbox 59 3039 95 3098; x_wconf 76' lang='lat' dir='ltr'><strong>At</strong></span> <span class='ocrx_word' id='word_1_284' title='bbox 115 3040 146 3098; x_wconf 93' lang='lat' dir='ltr'><strong>in</strong></span> <span class='ocrx_word' id='word_1_285' title='bbox 168 3039 234 3098; x_wconf 93' lang='lat' dir='ltr'><strong>ioro</strong></span> <span class='ocrx_word' id='word_1_286' title='bbox 258 3039 481 3116; x_wconf 84' lang='lat' dir='ltr'><strong>providendum,</strong></span> <span class='ocrx_word' id='word_1_287' title='bbox 504 3057 569 3098; x_wconf 89' lang='lat' dir='ltr'><strong>num</strong></span> <span class='ocrx_word' id='word_1_288' title='bbox 589 3038 665 3099; x_wconf 88' lang='lat' dir='ltr'><strong>iorte</strong></span> <span class='ocrx_word' id='word_1_289' title='bbox 689 3057 871 3118; x_wconf 80' lang='lat' dir='ltr'><strong>supervacua</strong></span> <span class='ocrx_word' id='word_1_290' title='bbox 894 3048 923 3098; x_wconf 93' lang='lat' dir='ltr'><strong>et</strong></span> <span class='ocrx_word' id='word_1_291' title='bbox 944 3038 1013 3098; x_wconf 90' lang='lat' dir='ltr'><strong>nihil</strong></span> <span class='ocrx_word' id='word_1_292' title='bbox 1029 3037 1064 3096; x_wconf 84' lang='lat' dir='ltr'><strong>ad</strong></span> 
     </span>
     <span class='ocr_line' id='line_1_35' title="bbox 57 3121 1066 3201; baseline -0.004 -19"><span class='ocrx_word' id='word_1_293' title='bbox 57 3139 175 3185; x_wconf 86' lang='lat' dir='ltr'><strong>cuusum</strong></span> <span class='ocrx_word' id='word_1_294' title='bbox 196 3125 343 3201; x_wconf 86' lang='lat' dir='ltr'><strong>pertinens</strong></span> <span class='ocrx_word' id='word_1_295' title='bbox 365 3141 401 3182; x_wconf 83' lang='lat' dir='ltr'><strong>sn</strong></span> <span class='ocrx_word' id='word_1_296' title='bbox 423 3121 555 3199; x_wconf 80' lang='lat' dir='ltr'><strong>ambigua</strong></span> <span class='ocrx_word' id='word_1_297' title='bbox 575 3140 610 3182; x_wconf 85' lang='lat' dir='ltr'><strong>an</strong></span> <span class='ocrx_word' id='word_1_298' title='bbox 630 3125 772 3183; x_wconf 79' lang='lat' dir='ltr'><strong>contraris</strong></span> <span class='ocrx_word' id='word_1_299' title='bbox 797 3142 833 3184; x_wconf 84' lang='lat' dir='ltr'><strong>un</strong></span> <span class='ocrx_word' id='word_1_300' title='bbox 855 3123 1011 3182; x_wconf 90' lang='lat' dir='ltr'><strong>communis</strong></span> <span class='ocrx_word' id='word_1_301' title='bbox 1027 3122 1066 3180; x_wconf 91' lang='lat' dir='ltr'><strong>sit</strong></span> 
     </span>
     <span class='ocr_line' id='line_1_36' title="bbox 57 3203 1101 3284; baseline 0.001 -19"><span class='ocrx_word' id='word_1_302' title='bbox 57 3205 165 3275; x_wconf 88' lang='lat' dir='ltr'><strong>linitio;</strong></span> <span class='ocrx_word' id='word_1_303' title='bbox 182 3223 304 3284; x_wconf 88' lang='lat' dir='ltr'><strong>quorum</strong></span> <span class='ocrx_word' id='word_1_304' title='bbox 327 3206 395 3267; x_wconf 85' lang='lat' dir='ltr'><strong>nihil</strong></span> <span class='ocrx_word' id='word_1_305' title='bbox 417 3206 553 3267; x_wconf 81' lang='lat' dir='ltr'><strong>occidere</strong></span> <span class='ocrx_word' id='word_1_306' title='bbox 570 3207 625 3266; x_wconf 89' lang='lat' dir='ltr'><strong>nisi</strong></span> <span class='ocrx_word' id='word_1_307' title='bbox 646 3208 757 3283; x_wconf 84' lang='lat' dir='ltr'><strong>agentis</strong></span> <span class='ocrx_word' id='word_1_308' title='bbox 780 3207 865 3284; x_wconf 83' lang='lat' dir='ltr'><strong>culpa</strong></span> <span class='ocrx_word' id='word_1_309' title='bbox 884 3214 992 3284; x_wconf 87' lang='lat' dir='ltr'><strong>potest.</strong></span> <span class='ocrx_word' id='word_1_310' title='bbox 1027 3203 1101 3266; x_wconf 76' lang='lat' dir='ltr'><strong>Uror</strong></span> 
     </span>
     <span class='ocr_line' id='line_1_37' title="bbox 58 3288 1063 3368; baseline -0.003 -21"><span class='ocrx_word' id='word_1_311' title='bbox 58 3298 139 3350; x_wconf 89' lang='lat' dir='ltr'><strong>recte</strong></span> <span class='ocrx_word' id='word_1_312' title='bbox 155 3298 253 3349; x_wconf 85' lang='lat' dir='ltr'><strong>autem</strong></span> <span class='ocrx_word' id='word_1_313' title='bbox 274 3290 416 3365; x_wconf 80' lang='lat' dir='ltr'><strong>liniamus,</strong></span> <span class='ocrx_word' id='word_1_314' title='bbox 441 3291 480 3350; x_wconf 85' lang='lat' dir='ltr'><strong>ite</strong></span> <span class='ocrx_word' id='word_1_315' title='bbox 498 3291 564 3364; x_wconf 89' lang='lat' dir='ltr'><strong>liet,</strong></span> <span class='ocrx_word' id='word_1_316' title='bbox 587 3292 612 3348; x_wconf 92' lang='lat' dir='ltr'><strong>si</strong></span> <span class='ocrx_word' id='word_1_317' title='bbox 632 3291 711 3368; x_wconf 91' lang='lat' dir='ltr'><strong>prius</strong></span> <span class='ocrx_word' id='word_1_318' title='bbox 728 3291 755 3349; x_wconf 92' lang='lat' dir='ltr'><strong>iu</strong></span> <span class='ocrx_word' id='word_1_319' title='bbox 773 3290 865 3349; x_wconf 83' lang='lat' dir='ltr'><strong>animo</strong></span> <span class='ocrx_word' id='word_1_320' title='bbox 882 3288 1063 3348; x_wconf 90' lang='lat' dir='ltr'><strong>constitueri-</strong></span> 
     </span>
     <span class='ocr_line' id='line_1_38' title="bbox 58 3370 1063 3452; baseline -0.003 -21"><span class='ocrx_word' id='word_1_321' title='bbox 58 3390 137 3449; x_wconf 86' lang='lat' dir='ltr'><strong>mus,</strong></span> <span class='ocrx_word' id='word_1_322' title='bbox 156 3372 224 3452; x_wconf 86' lang='lat' dir='ltr'><strong>quid</strong></span> <span class='ocrx_word' id='word_1_323' title='bbox 235 3373 357 3432; x_wconf 83' lang='lat' dir='ltr'><strong>velimus</strong></span> <span class='ocrx_word' id='word_1_324' title='bbox 373 3373 502 3433; x_wconf 91' lang='lat' dir='ltr'><strong>eliicere.</strong></span> <span class='ocrx_word' id='word_1_325' title='bbox 535 3373 584 3433; x_wconf 90' lang='lat' dir='ltr'><strong>Sic</strong></span> <span class='ocrx_word' id='word_1_326' title='bbox 596 3375 670 3432; x_wconf 91' lang='lat' dir='ltr'><strong>enim</strong></span> <span class='ocrx_word' id='word_1_327' title='bbox 686 3372 897 3432; x_wconf 84' lang='lat' dir='ltr'><strong>accommodari</strong></span> <span class='ocrx_word' id='word_1_328' title='bbox 912 3371 947 3432; x_wconf 83' lang='lat' dir='ltr'><strong>ud</strong></span> <span class='ocrx_word' id='word_1_329' title='bbox 962 3370 1063 3431; x_wconf 91' lang='lat' dir='ltr'><strong>volun·</strong></span> 
     </span>
     <span class='ocr_line' id='line_1_39' title="bbox 58 3455 1063 3536; baseline -0.003 -22"><span class='ocrx_word' id='word_1_330' title='bbox 58 3463 147 3517; x_wconf 83' lang='lat' dir='ltr'><strong>tatem</strong></span> <span class='ocrx_word' id='word_1_331' title='bbox 166 3455 258 3516; x_wconf 82' lang='lat' dir='ltr'><strong>verbu</strong></span> <span class='ocrx_word' id='word_1_332' title='bbox 274 3463 420 3534; x_wconf 88' lang='lat' dir='ltr'><strong>poterunt.</strong></span> <span class='ocrx_word' id='word_1_333' title='bbox 455 3456 552 3536; x_wconf 74' lang='lat' dir='ltr'><strong>Atque</strong></span> <span class='ocrx_word' id='word_1_334' title='bbox 574 3465 605 3515; x_wconf 90' lang='lat' dir='ltr'><strong>ut</strong></span> <span class='ocrx_word' id='word_1_335' title='bbox 626 3457 809 3516; x_wconf 85' lang='lat' dir='ltr'><strong>unctissimo</strong></span> <span class='ocrx_word' id='word_1_336' title='bbox 832 3456 983 3534; x_wconf 87' lang='lat' dir='ltr'><strong>exemplo,</strong></span> <span class='ocrx_word' id='word_1_337' title='bbox 1005 3469 1063 3532; x_wconf 89' lang='lat' dir='ltr'><strong>quo</strong></span> 
     </span>
    </p>
   </div>
   <div class='ocr_carea' id='block_1_3' title="bbox 0 0 1192 3840">
    <p class='ocr_par' dir='ltr' id='par_1_6' title="bbox 0 0 1192 3840">
     <span class='ocr_line' id='line_1_40' title="bbox 0 0 1192 3840; baseline 0 0"><span class='ocrx_word' id='word_1_338' title='bbox 0 0 1192 3840; x_wconf 95' lang='lat' dir='ltr'><strong> </strong></span> 
     </span>
    </p>
   </div>
  </div>
 </body>
</html>
