2408 3854
121 191 163 254 96
437 199 800 261 numentanorum

123 359 299 420 oeourritur:
327 354 376 419 An
402 357 475 418 mibi
502 355 660 418 contendo
681 357 782 417 oietne
803 375 863 418 non
885 358 1033 420 redderet
1053 361 1130 424 tete?

80 442 174 509 ttoni
191 452 236 503 est
251 441 371 502 eoniinis
390 440 597 514 dissimulatio,
620 457 678 498 uon
700 438 768 499 alibi
797 457 881 518 quam
904 442 932 500 in
953 444 1012 503 risu
1029 447 1126 522 posita

119 529 247 606 ideoque
262 533 384 586 traotata
398 541 451 584 suo
463 524 542 584 loeo.
573 522 646 584 Nam
661 525 739 584 serio
752 525 777 583 si
788 524 847 600 bat,
866 542 921 603 pro
938 526 1126 588 confessione

121 621 175 672 est.
221 608 359 670 Ceterum
380 616 409 668 et
433 608 630 686 interrogandi
657 626 696 669 ae
727 609 847 686 ipsum
872 617 902 669 et
927 612 1126 689 respondendi

120 695 192 756 sibi
207 693 304 755 solent
320 711 387 754 esse
404 709 462 752 uon
481 695 612 770 ingratae
628 693 725 773 viees:
747 701 778 752 ut
799 690 905 753 Gieero
925 712 979 773 pro
994 693 1124 773 Ligario,

118 775 213 859 Apud
227 795 316 857 qoem
335 780 430 857 iqitnr
446 778 503 839 boe
518 778 611 839 dieo?
642 774 758 856 Nempe
773 779 860 855 epod
876 796 962 855 eum,
978 782 1041 857 qni,
1056 800 1127 842 oum

119 865 176 926 boe
192 865 297 939 eoiret,
319 869 420 923 tomen
435 882 492 938 nte,
508 870 672 939 antequam
688 861 782 936 vidit,
799 862 847 922 rei
857 863 1002 940 pnbiieoe
1015 866 1125 926 reddi·

79 949 171 1010 ledit.
210 946 306 1007 Aliter
326 963 381 1024 pro
404 942 505 1006 Caelio
528 946 595 1006 fieta
614 946 860 1023 interrogatione:
889 943 981 1008 Dieet
1000 949 1125 1029 aliquis,

119 1030 207 1092 Haeo
216 1032 312 1110 iqitnr
322 1039 369 1092 est
380 1037 433 1092 tao
444 1031 630 1109 discipline?
644 1030 691 1091 sio
703 1037 735 1090 tn
745 1031 879 1092 instituio
892 1030 1126 1096 adolescentes?

120 1125 149 1176 et
165 1124 242 1175 totns
258 1113 352 1175 loeus.
387 1113 517 1174 Deinde:
538 1111 620 1194 qu,
635 1116 663 1175 e·
678 1114 764 1192 qnia,
780 1115 917 1191 indices,
940 1115 998 1178 boe
1015 1117 1127 1180 robore

119 1200 214 1262 certiori
229 1209 321 1277 etque
336 1199 397 1260 bae
410 1200 512 1261 indole
528 1200 651 1260 virtutis
667 1217 707 1260 oe
723 1199 927 1261 continentiae
940 1199 1009 1278 tine,
1029 1209 1058 1261 et
1076 1219 1124 1261 ee·

119 1292 191 1344 tera.
223 1280 276 1344 Cui
292 1283 437 1344 diversum
453 1290 507 1358 est,
524 1301 588 1343 eum
607 1282 694 1344 alium
709 1285 872 1359 rogaveris,
889 1299 947 1343 non
963 1293 1125 1363 expectare

118 1384 291 1446 responsum
308 1376 336 1426 et
352 1368 446 1426 statim
464 1367 625 1427 subiieere:
659 1364 775 1428 Domus
796 1369 850 1429 tibi
866 1369 997 1429 deerat?
1019 1377 1053 1431 ot
1066 1369 1125 1430 ba-

119 1453 234 1521 beboe‚·
250 1453 386 1530 peenniu
400 1452 592 1531 erepet-obet?
612 1458 646 1513 at
661 1452 784 1530 eqebnr.
821 1450 906 1526 Quod
923 1451 1043 1514 sohema
1061 1455 1124 1532 qui·

77 1536 182 1596 ltdam
206 1553 260 1614 per
287 1536 570 1613 suggestionem
597 1544 712 1594 vocant.
758 1533 804 1595 Fit
832 1543 861 1596 et
887 1537 1123 1615 comparatione:

94 1672 97 1679 .
121 1619 195 1680 Uter
213 1621 308 1698 igitar
337 1620 465 1698 fecilior
490 1639 568 1681 snae
593 1620 762 1680 sententiae
783 1621 933 1683 rationem
952 1620 1125 1683 redderet?

118 1701 156 1763 Et
179 1702 242 1763 aliis
258 1703 351 1763 modis
368 1712 427 1763 tum
442 1702 559 1762 brevius
576 1712 634 1762 turn
650 1702 746 1778 latius,
764 1713 822 1762 tum
837 1703 873 1763 de
889 1722 944 1765 nna
963 1723 997 1764 re
1013 1714 1073 1766 tum
1087 1705 1124 1766 de

140 1786 259 1847 iuribus.

118 1805 137 1866 p
201 1870 273 1931 Mire
292 1888 364 1931 vero
385 1873 413 1930 in
434 1871 529 1931 causis
550 1871 629 1931 valet
652 1868 925 1950 praesumptio,
950 1890 1025 1951 quae
1049 1867 1123 1954 πρό-

117 1959 208 2033 ληψις
228 1956 349 2032 dieitur,
373 1973 437 2015 oum
451 1955 497 2031 id,
527 1955 604 2034 quod
622 1954 709 2015 obiioi
732 1963 845 2034 potest,
869 1971 1057 2036 oooupamus.
1091 1956 1124 2018 ld

117 2057 212 2119 neque
235 2042 262 2100 in
292 2040 354 2100 aliis
380 2039 509 2118 partibus
540 2057 635 2099 rarum
662 2049 708 2099 est
733 2048 762 2099 et
783 2041 943 2119 praecipue
968 2041 1121 2120 prooemio

76 2127 107 2182 17
116 2125 260 2183 convenit.
291 2123 349 2183 Sed
372 2141 534 2202 quanquam
554 2126 671 2199 generis
691 2126 774 2184 unius
795 2124 926 2184 diversas
942 2134 1039 2186 tamen
1054 2143 1123 2206 spe·

118 2210 179 2267 eies
202 2206 299 2266 babet.
336 2205 389 2265 Est
411 2209 485 2267 enim
508 2206 647 2283 quaedam
669 2209 938 2285 praemunitio,
958 2208 1053 2290 qualis
1076 2207 1124 2270 Oi-

118 2293 234 2350 eeronis
250 2298 351 2350 eontra
376 2289 411 2362 Q.
425 2288 613 2367 Caecilium„
635 2292 713 2371 quod
735 2293 771 2353 ad
786 2294 980 2354 aeeusandum
998 2294 1123 2354 deseen-

118 2374 181 2450 dat,
204 2376 253 2453 qui
276 2392 394 2452 semper
416 2374 592 2444 defenderim
617 2374 759 2454 quaedam
780 2376 994 2453 confessio,
1014 2385 1046 2437 ut
1068 2395 1123 2456 pro

117 2456 234 2518 Rabirio
253 2458 406 2533 Postumo,
430 2477 515 2538 quem
538 2478 589 2520 sua
613 2476 729 2538 quoque
747 2462 889 2521 sententia
905 2460 1110 2541 reprehenden

117 2543 183 2602 dum
194 2542 311 2618 fatetur,
333 2542 410 2620 quod
422 2531 573 2621 peodniam
583 2545 648 2620 regi
665 2543 834 2614 crediderim
851 2545 992 2623 quaedam
1010 2564 1123 2625 prae-

116 2626 249 2687 dietio:
282 2635 312 2687 ut
337 2625 448 2688 Dicent
483 2630 562 2690 enirn
593 2648 652 2690 non
677 2630 812 2707 oaqendi
836 2631 975 2692 oriminis
996 2633 1123 2709 qratia,-

116 2710 258 2789 quaedam
275 2711 501 2772 emendatio:
517 2722 549 2772 ut
563 2711 657 2792 Rege,
672 2713 839 2791 ignoscatis
854 2714 946 2791 mibi,
960 2715 989 2776 ei
1001 2716 1122 2795 longius

115 2814 183 2855 eunt
202 2802 343 2865 evectum·
363 2795 597 2874 frequentissima
619 2800 879 2875 praeparatio,
904 2817 969 2867 oum
989 2798 1122 2877 pluribus

115 2877 230 2955 verbis,
252 2879 301 2939 vel
323 2898 412 2957 quare
435 2880 540 2940 iaetnri
561 2880 629 2958 quid
650 2881 738 2940 simus
762 2882 811 2942 vei
835 2901 926 2963 quare
950 2883 1120 2959 fecerimus,

72 2962 171 3024 radici
188 2963 274 3023 solet.
315 2962 479 3023 Verborum
501 2980 617 3044 quoque
639 2966 683 3024 vis
701 2983 737 3025 ae
752 2969 917 3046 proprietas
936 2966 1122 3052 confirmatur

114 3045 163 3105 vel
179 3050 430 3128 praesumptione:
456 3046 640 3128 Quanquam
654 3051 709 3112 itte
723 3071 783 3113 non
797 3069 900 3130 poeno
911 3053 969 3114 sed
980 3052 1121 3132 probibi-

114 3131 155 3193 tio
171 3133 299 3194 sceleris
312 3133 389 3212 seim
406 3141 453 3192 aut
468 3133 719 3211 reprehensione:
744 3132 851 3214 Ciues,
867 3138 966 3214 eines,
981 3138 1120 3216 inqnem,

114 3215 143 3276 ei
158 3215 215 3279 boe
230 3236 282 3279 eos
295 3219 413 3279 nomine
428 3218 647 3297 appellarisne
661 3228 717 3290 est.

74 3306 107 3360 19
201 3299 295 3360 Affert
311 3299 436 3379 aliquam
452 3301 537 3361 iidem
557 3304 689 3364 veritatis
711 3313 741 3364 et
761 3303 967 3382 dubitatio,
991 3322 1057 3366 enm
1081 3303 1119 3366 si·

114 3383 253 3443 muiamus
271 3402 414 3463 quaerere
436 3402 506 3462 nos,
528 3387 603 3447 unde
620 3389 831 3466 inoipiendum,
854 3387 904 3448 ubi
919 3388 1120 3467 desinendum,

115 3467 183 3544 quid
198 3469 378 3546 potissimum
393 3470 554 3548 dicendum,
571 3488 607 3531 an
623 3473 737 3532 omuino
759 3472 911 3534 dioendum
928 3469 987 3533 sit?
1019 3469 1121 3535 (iuius-
