2408 3854
316 188 804 255 rnsr.onsnon.mn.x11‚tt.
1024 177 1084 238 275
1143 224 1147 229 .

84 363 141 424 que
156 344 205 403 illa
227 343 364 405 facultate
385 343 518 423 praedito
540 358 598 403 non
615 343 768 422 optandum
785 344 884 421 operis
900 344 1085 423 pulcherrimi

84 445 168 507 qnam
184 427 381 504 longissimum
397 436 528 506 tempus,
551 427 604 488 sed
626 429 692 507 qnia
708 427 794 487 decet
809 426 868 487 boe
883 444 1000 506 qnoque
1016 446 1084 507 pro·

84 512 217 589 spicere,
239 530 276 570 ne
300 510 367 590 qnid
388 513 488 589 peius,
512 528 596 590 quam
613 511 731 587 iecerit,
754 510 851 572 iaciat.
889 510 994 590 Neque
1010 513 1113 578 enimn

83 597 204 656 scientia
220 595 305 656 modo
322 603 436 655 constat
452 604 565 670 orator,
585 613 659 675 quae
678 604 801 672 angetur
816 596 913 669 annis,
930 594 983 654 sod
998 611 1085 673 voce,

84 679 194 754 latere,
219 679 366 746 firmitate;
388 677 491 756 quibus
512 679 612 739 fractis
628 688 676 738 ent
690 680 842 738 imminutis
857 687 957 738 aetate
969 695 1021 738 sen
1035 696 1085 738 vn·

83 761 212 823 letndiue
225 761 383 822 carendum
395 771 450 837 est,
467 780 503 821 ne
516 762 584 840 qnid
595 763 624 820 in
636 771 753 823 oratore
766 779 876 822 summo
892 760 1084 838 desideretur,

85 863 121 904 ne
137 847 295 906 intersistat
310 845 463 924 fatigatus,
486 864 523 905 ne
547 862 621 924 quae
644 845 723 905 dicet
744 863 844 924 parurn
861 845 952 906 audiri
969 847 1084 921 sentiat,

84 948 120 989 ne
143 947 177 990 se
200 938 320 1010 quaerat
335 931 472 1009 priorem.
504 929 571 989 Vidi
586 945 644 1006 ego
660 928 748 1007 longe
764 931 904 1005 omnium,
927 947 1000 1008 quos
1017 930 1113 997 mihin

85 1031 268 1092 cognoscere
292 1015 429 1091 contigit,
456 1030 594 1072 summum
616 1022 778 1089 oratorem,
805 1012 961 1073 Domitium
984 1014 1085 1075 Atrum

83 1098 168 1158 valde
184 1116 300 1173 senem,
325 1097 432 1157 cotidie
449 1096 558 1175 aliquid
573 1115 611 1156 ex
626 1113 677 1172 ea,
701 1114 786 1177 quam
802 1106 963 1173 meruerat,
986 1101 1085 1157 aucto-

83 1185 168 1243 ritate
189 1182 375 1261 perdentem,
401 1199 464 1241 curn
481 1190 588 1258 agente
609 1180 677 1257 ilio,
703 1198 790 1261 quem
812 1182 974 1261 principem
994 1180 1086 1241 inisse

83 1265 225 1345 qnondam
241 1266 297 1326 iori
312 1282 370 1326 non
386 1274 449 1326 erat
464 1264 589 1341 dubium,
606 1264 671 1340 ulii,
688 1265 766 1347 quod
782 1265 929 1343 indignum
941 1265 1084 1341 videatur,

81 1351 226 1425 riderent,
244 1349 292 1410 alii
309 1348 534 1417 erubescerent:
552 1366 627 1428 quae
645 1350 763 1410 occasio
780 1349 833 1409 init
848 1349 979 1424 dicendi,
995 1349 1086 1410 modic

82 1453 149 1493 enm
162 1433 296 1511 deficere
312 1448 404 1511 quom
419 1435 569 1497 desistere.
595 1431 699 1512 Neque
713 1443 794 1494 erant
806 1433 857 1494 ilia
873 1433 1114 1511 qnuttannnqnos

81 1516 154 1576 mala
170 1517 224 1576 sed
241 1518 361 1576 minora.
393 1515 490 1590 Quare
506 1525 659 1595 antequam
673 1519 701 1576 in
716 1517 768 1578 has
785 1518 888 1579 aetatis
905 1516 1002 1576 veniat
1017 1517 1084 1576 insi·

82 1601 160 1676 dias,
176 1601 309 1679 receptui
325 1608 410 1660 canet
426 1609 456 1658 et
470 1601 497 1658 in
512 1608 625 1678 portum
641 1601 843 1678 integrauere
860 1600 1022 1679 perveniet.

166 1683 269 1762 Neque
295 1685 370 1743 eninr
391 1683 519 1742 minores
541 1701 621 1758 eum,
646 1683 709 1743 curn
731 1683 760 1743 id
781 1685 901 1759 iecerit,
927 1683 1084 1744 studiorum

81 1768 191 1828 fructus
212 1776 435 1847 prosequentur.
475 1765 533 1826 Ant
556 1764 606 1826 ilie
628 1777 810 1828 monumenta
835 1784 931 1831 rerum
957 1768 1084 1846 posteris

81 1860 143 1926 ant,
160 1860 191 1911 ut
203 1850 234 1911 1..
253 1848 376 1912 Crassus
392 1853 420 1910 in
437 1849 518 1910 libris
535 1846 687 1910 Ciceronis
702 1851 843 1926 destinat,
864 1851 926 1912 inra
942 1867 1083 1929 quaeren-

80 1935 156 1994 tibus
171 1935 273 1996 reddet
290 1944 339 1996 aut
361 1935 547 2013 eloquentiae
570 1943 726 2013 componet
747 1944 839 1995 ortem
859 1943 907 1994 ant
920 1933 1082 2013 pulcherri-

79 2021 132 2078 mis
152 2021 229 2079 vitae
251 2020 421 2098 praeceptis
442 2017 557 2094 dignum
579 2034 613 2077 os
636 2017 723 2078 dabit.
760 2016 997 2098 Frequenntun
1011 2023 1111 2077 vernt

80 2105 141 2162 eius
161 2102 276 2162 domum
293 2104 394 2182 optimi
415 2104 537 2162 invenes
557 2118 639 2161 more
660 2111 792 2163 veterum
809 2112 838 2162 et
854 2118 952 2161 veram
968 2101 1083 2162 dicendi

78 2187 248 2248 viam-velut
270 2206 308 2247 ex
325 2186 445 2247 oraculo
464 2194 574 2264 petent.
609 2183 671 2245 Hos
693 2186 746 2246 ilie
767 2186 902 2248 formabit
923 2186 1005 2264 qnasi
1021 2184 1082 2245 elo·

78 2271 213 2349 quentiae
230 2288 353 2350 parens,
376 2280 405 2330 et
428 2278 457 2329 nt
471 2278 556 2328 retus
569 2268 748 2347 gubernator
763 2271 847 2331 litora
864 2279 893 2330 et
917 2279 1021 2348 portus
1041 2277 1081 2343 et,

78 2372 152 2432 qnae
170 2363 373 2434 tempestatum
389 2354 486 2432 signa,
505 2353 574 2432 quid
591 2354 728 2414 secundis
743 2354 876 2431 datibus,
896 2354 964 2434 qaid
980 2353 1082 2415 edver-

77 2438 118 2495 sis
141 2439 214 2497 ratio
243 2448 362 2517 poscat,
386 2437 520 2513 docebit,
546 2453 604 2498 non
627 2436 807 2500 humanitatis
831 2437 924 2497 solnm
940 2437 1083 2497 commoni

77 2522 178 2579 ductus
194 2521 293 2581 officio
315 2522 368 2583 sed
389 2539 488 2582 amore
509 2521 635 2600 quodam
653 2525 762 2600 operis.
794 2521 887 2582 Nemo
906 2521 981 2580 enim
996 2519 1111 2581 minuit

78 2603 148 2663 velit
174 2605 218 2679 id,
251 2607 279 2663 in
305 2622 363 2684 quo
389 2607 528 2665 maximus
551 2605 613 2665 fuit.
651 2603 726 2678 Quid
749 2621 839 2684 porro
863 2612 908 2664 est
930 2602 1081 2664 honestius

77 2705 162 2766 quum
178 2689 288 2748 docere
312 2689 391 2768 quod
412 2689 520 2768 optime
543 2684 641 2748 scias?
674 2688 724 2749 Sic
742 2689 777 2750 ad
795 2706 827 2748 se
845 2685 976 2748 Caelium
991 2685 1081 2746 dedu·

77 2781 182 2832 eturna
205 2781 289 2850 patre
305 2768 413 2831 Cicero
431 2770 599 2850 profitetur:
623 2770 666 2831 sic
681 2771 817 2848 Pansam,
837 2770 974 2846 Hirtium,
990 2769 1080 2830 Dola·

76 2856 182 2916 bellam
209 2859 236 2915 in
261 2873 372 2915 morem
397 2855 603 2934 praeceptoris
625 2857 758 2916 exercuit
777 2856 885 2916 cotidie
907 2854 1009 2914 dicens
1031 2871 1080 2914 au-

77 2941 227 3018 diensque.
258 2939 305 2999 Ae
327 2941 429 2999 nescio
450 2957 486 2999 an
507 2954 572 2997 eum
593 2948 660 2998 tuno
682 2938 976 3000 beatissimum'crcdi
992 2937 1109 3018 opor-i

75 3032 134 3082 teet
156 3023 238 3098 iore,
262 3041 325 3083 cum
350 3024 406 3083 inm
428 3030 563 3083 secretus
585 3031 616 3081 et
638 3032 844 3099 consecratus,
868 3021 944 3083 liber
963 3022 1080 3096 invidia,

75 3108 178 3184 procul
208 3107 441 3168 contentionibus
474 3106 576 3166 famam
605 3106 716 3166 intuto
745 3106 899 3168 collocarit
926 3114 956 3166 et
976 3105 1081 3164 sentiet

74 3191 156 3249 vivus
173 3210 252 3266 eam,
276 3210 352 3271 quae
369 3190 436 3270 post
457 3191 516 3252 iste
533 3191 675 3268 praestari
695 3194 787 3270 magis
801 3192 893 3265 solet,
913 3188 1079 3248 veneratio·

74 3292 140 3333 nem
157 3284 201 3349 et,
219 3275 286 3353 quid
302 3275 378 3355 apud
395 3283 533 3355 posteros
547 3273 660 3334 iuturus
675 3276 728 3351 sit,
744 3274 866 3336 videbit.

162 3356 305 3418 Conscius
323 3377 385 3418 sum
400 3359 483 3433 mibi,
505 3367 640 3436 quantum
656 3359 856 3420 mediocritate
873 3355 965 3432 uului,
989 3356 1107 3433 quae-8

75 3459 131 3520 qne
147 3452 232 3502 antea
257 3443 390 3519 scierim,
414 3458 546 3521 quaeque
572 3441 672 3521 operis
692 3441 812 3502 huiusce
827 3440 923 3580 grpp'p
934 3437 1090 3520 potuerim
