2408 3854
143 181 202 244 tao
464 192 594 241 numa
610 193 830 252 consuuntur

140 367 202 409 cem
224 349 373 408 continuus
396 346 509 426 quidam
529 347 653 423 gemitus
674 355 703 406 et
725 346 799 406 idem
820 346 954 407 tristitiae
968 345 1064 406 vultus
1079 363 1143 408 ser·

138 431 268 507 vabitur,
293 433 317 491 si
338 430 452 511 quidem
471 429 554 490 volet
574 429 705 490 dolorem
726 447 808 490 suum
830 431 915 490 etiam
939 432 968 489 in
992 429 1143 492 audientes

138 514 363 576 transfundere?
383 515 507 593 quamsi
523 531 642 592 usquam
658 514 813 589 remiserit,
833 515 862 573 in
879 514 1001 573 animum
1015 514 1142 575 iudican-

97 600 207 661 tttium
232 615 291 658 non
314 598 446 658 reducet.
484 595 569 670 Quod
594 598 751 675 praecipue
776 597 1002 657 declamantibus
1029 596 1143 677 (neque

139 684 213 744 euim
227 700 273 743 me
288 683 418 760 poenitet
433 681 469 741 ad
483 678 541 740 boc
556 698 673 760 quoque
689 698 763 759 opus
778 689 917 741 meamet
932 698 1029 741 curam
1041 700 1142 745 susce·

137 775 252 846 ptorum
276 765 368 825 semel
394 763 620 824 adolescentium
645 765 811 844 respicere)
841 763 1059 825 custodiendum
1086 775 1141 841 est,

138 867 197 929 quo
213 850 312 927 plures
328 849 357 908 in
373 847 475 908 schola
491 847 641 925 linguntur·
649 848 782 924 affectus,
799 865 874 927 quos
888 865 946 908 non
963 857 993 908 ut
1009 849 1142 910 advocati

96 932 189 997 ttsed
204 941 235 992 ut
255 934 334 1010 passi
354 931 490 991 subimus.
524 929 595 992 Cum
613 933 697 991 ctiam
718 931 775 992 boc
797 950 890 1010 genus
908 931 1035 992 simulari
1052 931 1142 992 litium

136 1015 246 1091 soleat,
269 1034 333 1075 cum
356 1017 399 1074 ius
417 1016 518 1076 mortis
535 1032 552 1074 a
566 1024 667 1075 senatu
690 1014 803 1094 quidam
819 1014 857 1075 ob
874 1016 997 1094 aliquam
1011 1033 1142 1093 magnam

136 1099 335 1160 infelicitatem
354 1099 402 1159 vel
424 1100 510 1160 etiam
532 1101 736 1177 poenitentiam
759 1107 877 1178 petunt,
904 1101 935 1158 in
958 1099 1060 1178 quibus
1082 1116 1141 1159 non

128 1182 230 1247 solum
249 1191 384 1258 cantare,
408 1182 487 1263 quod
508 1184 605 1242 vitium
626 1183 770 1263 pervasit,
793 1192 841 1243 aut
862 1183 1004 1243 lasciuire»
1025 1183 1077 1244 sed
1104 1201 1141 1243 ne

135 1266 331 1344 argumentari
347 1266 461 1345 quidem
476 1267 530 1325 nisi
545 1267 640 1325 mixtis
656 1276 686 1326 et
701 1266 816 1345 quidem
833 1268 889 1342 ita,
911 1275 942 1326 ut
956 1268 1019 1344 ipsa
1034 1266 1141 1346 proba-

135 1350 215 1410 tione
229 1351 321 1428 magis
338 1352 490 1425 emineant,
506 1349 657 1410 affectibus
672 1350 767 1411 dccet.
799 1348 872 1410 Nam
888 1352 936 1428 qui
951 1351 1142 1411 intermittere

135 1435 164 1493 in
179 1434 293 1511 agendo
310 1431 442 1492 dolorem
457 1441 572 1512 potest,
594 1433 707 1494 videtur
723 1449 812 1512 posse
829 1435 914 1494 etiam
935 1433 1096 1512 deponere.

92 1523 127 1579 57
219 1516 328 1576 Nescio
343 1524 438 1576 tamen
456 1535 491 1578 au
505 1516 599 1593 buius,
616 1517 726 1596 dequo
742 1517 894 1595 loquimur,
911 1518 1026 1577 decoris
1043 1527 1140 1578 custo·

136 1600 182 1660 dia
199 1601 321 1660 maxime
345 1601 422 1659 circa
445 1617 514 1676 eos,
537 1609 667 1662 contra
688 1617 777 1678 quos
795 1600 929 1676 dicimus,
952 1602 1140 1662 examinanda

135 1685 181 1743 sit.
221 1682 293 1744 Nam
312 1685 374 1743 siue
398 1683 485 1744 dubio
508 1686 538 1743 in
559 1683 688 1744 omnibus
713 1684 809 1743 statim
828 1684 1060 1745 accusationibus
1082 1685 1141 1746 boc

134 1767 277 1844 agendum
292 1776 348 1843 est,
364 1785 401 1828 ne
416 1767 452 1827 ad
468 1785 518 1828 eas
532 1767 656 1828 libenter
670 1767 859 1827 descendisse
873 1766 1030 1827 videamur.
1055 1767 1144 1828 Ideo-t

134 1868 193 1929 que
215 1850 283 1911 mibi
303 1851 374 1911 illud
391 1847 484 1910 Cassii
507 1850 610 1911 Severi
630 1868 688 1910 non
709 1851 895 1911 mediocriter
911 1850 1062 1931 displicet:
1086 1850 1141 1913 Dii

134 1933 219 2012 boui,
247 1936 337 2005 cioc,·
364 1940 409 2010 et,
437 1951 495 2012 quo
515 1953 562 1995 me
581 1936 684 1996 cicere
705 1934 801 2010 iuvet,
826 1937 1032 2013 Asprenatem
1052 1954 1141 1997 reum

131 2018 229 2079 tideo.
265 2016 331 2079 Non
351 2018 426 2077 enim
441 2019 514 2078 iusta
532 2035 570 2077 ex
586 2035 672 2079 causa
686 2018 735 2077 vel
750 2018 918 2078 necessaria
931 2017 1025 2078 videri
1040 2028 1141 2097 potest

89 2101 302 2179 tspostulasse-
316 2118 381 2160 eum
395 2101 448 2160 sed
463 2101 585 2180 quadam
596 2100 750 2162 accusandi
766 2101 925 2179 voluptate.
949 2100 1069 2162 Praeter
1079 2101 1138 2163 boc

131 2194 235 2260 tamen,
253 2184 331 2262 quod
351 2192 396 2244 est
412 2199 572 2260 commune,
590 2186 736 2264 propriam
750 2184 978 2245 moderationem
995 2185 1137 2264 quaedam

131 2285 238 2327 causae
255 2267 429 2327 desiderant.
469 2267 655 2347 Quapropter
672 2276 717 2344 et,
740 2270 788 2348 qui
804 2270 981 2328 curationem
996 2268 1138 2329 bonorum

130 2352 221 2429 patris
237 2349 404 2428 postulabit,
424 2351 523 2413 doleat
541 2353 602 2411 eius
617 2350 826 2420 valetudinem
854 2359 884 2411 et
899 2351 1056 2431 quamlibet
1070 2371 1137 2430 gra·
1175 2412 1179 2423 ,

129 2433 176 2493 via
192 2433 252 2493 lilio
268 2442 352 2512 pater
367 2434 534 2495 obiecturus
549 2437 751 2496 misserrimam
766 2435 822 2494 sibi
837 2436 971 2497 ostendat
984 2453 1051 2495 esse
1062 2435 1138 2496 banc

130 2517 221 2595 ipsam
245 2520 468 2594 necessitatem,
495 2537 551 2580 nec
572 2518 629 2579 boc
651 2520 751 2598 paucis
771 2520 858 2579 modo
882 2520 980 2579 verbis
1002 2521 1136 2579 sed-toto

131 2600 233 2661 colore
249 2602 387 2677 actionis,
411 2611 441 2662 ut
465 2602 494 2662 id
514 2621 579 2662 eum
602 2619 659 2663 non
677 2603 776 2664 dicere
791 2603 878 2663 modo
894 2604 946 2663 sed
963 2603 1049 2663 etiam
1064 2621 1136 2663 vere

87 2682 229 2745 b9dicere
246 2695 394 2763 appareat.
426 2684 489 2745 Nec
506 2688 633 2747 causanti
648 2685 760 2765 pupillo
774 2687 818 2746 sic
833 2694 912 2746 tutor
926 2687 1068 2747 irascatur
1085 2705 1136 2745 un·

129 2785 229 2846 quam,
254 2777 285 2828 ut
308 2787 367 2828 non
384 2777 551 2829 remaneant
569 2770 675 2829 amoris
693 2771 817 2846 vestigia
839 2778 868 2829 et
889 2787 975 2831 sacra
995 2770 1138 2850 quaedam

129 2853 218 2928 patris
243 2853 305 2911 eius
329 2855 475 2913 memoria.
508 2851 566 2912 lam
594 2852 740 2932 quomodo
763 2861 864 2914 contra
885 2854 1065 2914 abdicantem
1086 2871 1137 2931 pa·

129 2941 211 3010 trem,
229 2946 397 3013 querentem
414 2952 551 3012 uxorem,
573 2939 620 3014 agi
637 2954 753 2998 causam
768 2945 936 3016 oporteret,
953 2939 981 2996 in
996 2937 1090 3013 libro,
1106 2946 1138 2996 ut

128 3016 269 3095 arbitror,
292 3021 415 3098 septimo
439 3019 506 3078 dixi.
548 3017 670 3092 Quando
691 3023 772 3100 ipsos
796 3021 891 3099 loqui,
914 3020 1028 3100 quaudo
1051 3021 1138 3080 etiam

128 3099 262 3162 advocati
272 3119 348 3162 voce
363 3104 404 3161 uti
419 3102 532 3179 deceat,
550 3113 666 3180 quartus
682 3105 766 3181 liber,
782 3105 811 3163 in
823 3121 881 3183 quo
896 3106 1038 3184 prooemii
1049 3120 1135 3183 prae-

128 3193 213 3263 cepta
228 3194 304 3263 sunt,
321 3188 457 3245 continet.

85 3274 120 3328 oo
209 3268 284 3328 Esse
300 3269 328 3328 in
343 3267 440 3328 verbis
459 3271 536 3348 quod
554 3271 657 3332 deceat
667 3282 720 3333 aut
736 3279 821 3351 turpe
837 3274 883 3349 sit,
901 3272 1006 3332 nemini
1018 3270 1136 3333 dubium

129 3360 183 3412 est.
219 3350 311 3411 Unum
330 3353 385 3412 iam
405 3353 492 3430 igitur
508 3353 574 3415 huic
590 3355 675 3432 loco,
697 3357 775 3435 quod
793 3364 838 3416 est
852 3374 922 3416 sane
937 3373 1065 3415 summae
1081 3354 1135 3415 dii-

127 3434 279 3508 licultatis,
302 3436 492 3497 adiiciendum
514 3438 643 3516 videtur,
665 3439 767 3518 quibus
789 3440 880 3500 modis
904 3457 954 3515 ea,
979 3456 1054 3517 quae
1069 3446 1137 3498 sunt

57 3566 218 3632 A
