2408 3854
363 199 817 266 1usn.onsnon.n1n.vn‚1.
1062 199 1080 254 9

77 372 179 414 omnes
201 355 417 433 complectitur,
440 353 510 413 nihil
527 354 666 432 proderit.
706 353 884 426 Quaeramus
902 372 992 433 ergo,
1016 375 1080 414 num

77 437 213 498 infirmari
228 440 256 497 in
279 439 402 516 aliquam
417 445 528 515 partem
550 436 599 495 lex
621 439 723 514 possit.
761 438 836 512 Quid
854 439 931 499 aliud
947 439 1081 517 (saepius

38 583 40 585 ,
77 522 188 601 (licam)
205 531 304 582 natura
319 522 472 600 permittit,
490 538 574 597 quam
589 529 636 594 ut,
654 538 717 579 cum
731 520 822 580 verba
840 531 939 580 contra
954 523 1027 597 siut,
1045 524 1081 582 tle

76 605 226 666 voluntate
247 602 423 684 quaeratur?
469 602 619 664 Generalis
641 605 728 680 igitur
749 607 898 682 quaestio,
922 604 1020 665 verbis
1047 623 1082 665 an

75 689 227 748 voluntate
246 691 283 748 sit
304 688 443 748 standum.
482 688 541 747 Sed
561 689 635 746 euim
656 689 685 746 iu
703 705 852 747 commuue
869 689 905 747 de
921 689 984 747 iure
1005 693 1081 748 omni

77 771 278 851 disputandum
294 789 411 849 semper
425 789 480 831 uec
498 788 621 848 unquam
636 773 705 829 satis
723 770 877 831 iudicatum
893 780 948 830 est.
985 771 1080 844 Quae·
1174 820 1181 834 .

76 855 197 916 rendum
212 856 300 933 igitur
313 858 342 914 in
359 856 413 915 hac
429 857 510 933 ipsa,
528 871 583 932 qua
605 856 804 931 consistimus,
827 873 863 914 an
878 854 986 932 aliquid
1000 857 1078 915 inve·

75 941 130 999 niri
154 941 263 1017 possit,
286 938 363 1017 quod
387 940 496 1016 scripto
517 934 709 998 adversetur?
746 936 845 1015 Ergo,
873 941 1003 1016 quisquis
1026 952 1121 1004 nouat

76 1022 206 1096 affuerit,
230 1023 354 1082 exheres
376 1019 451 1081 erit?
478 1023 627 1099 quisquis,
650 1023 713 1081 sine
735 1019 932 1100 exceptione?
966 1021 1023 1082 lam
1048 1042 1080 1083 se

76 1106 126 1166 illa
143 1105 192 1166 vel
212 1106 287 1166 ultro
306 1107 430 1166 offerent
452 1113 635 1182 argumenta:
657 1103 694 1164 Et
714 1103 830 1165 iulans?
854 1106 928 1165 lilius
946 1108 1020 1165 enim
1036 1117 1081 1166 est

75 1198 106 1250 et
121 1208 179 1249 non
198 1190 290 1259 affuit;
314 1192 406 1268 etqui
423 1189 538 1264 aberat,
562 1198 590 1248 et
607 1190 655 1265 qui
669 1188 824 1263 militabat,
848 1191 940 1266 etqui
956 1190 985 1248 in
1000 1191 1080 1274 lega·

74 1274 155 1333 tione
172 1270 255 1333 erat?
276 1273 349 1334 ·lam
369 1273 487 1333 multum
505 1275 562 1332 acti
578 1281 638 1331 est:
662 1274 756 1350 possit
771 1273 875 1350 aliquis
890 1290 947 1332 non
962 1274 1081 1333 aliuisse

75 1366 105 1417 et
118 1353 216 1416 ’heres
239 1375 316 1424 esse.
357 1356 498 1416 Transeat
518 1359 597 1414 nunc·
615 1355 690 1415 idem
711 1355 779 1431 ille,
803 1358 850 1435 qui
872 1357 1026 1435 cogitavit,
1048 1367 1078 1417 ut
1089 1370 1121 1421 51

75 1441 116 1500 ait
131 1438 253 1516 Cicero,
278 1440 401 1501 tibicinis
418 1440 509 1500 Latini
525 1441 610 1500 modo
629 1440 665 1499 ad
683 1439 829 1499 disertum.
873 1438 910 1501 Ut
929 1444 989 1502 ista
1012 1462 1080 1503 con·

76 1525 208 1586 cedam:
230 1534 262 1586 tn
280 1545 339 1586 nec
359 1527 464 1604 infans
485 1544 518 1584 es
534 1544 593 1586 nec
614 1524 739 1602 abfuisti
753 1543 811 1585 nec
828 1526 973 1585 militasti.
1007 1524 1080 1584 Num

75 1607 153 1667 aliud
169 1610 296 1668 occurrit
311 1626 396 1686 quam
411 1607 497 1683 illud,
514 1606 579 1669 Sed
594 1609 729 1668 rusticas
744 1610 833 1668 sum?
862 1606 987 1684 Contra,
1004 1609 1122 1686 quodat

76 1691 170 1771 palam
185 1702 247 1767 est,
265 1692 350 1752 dicit:
376 1690 414 1752 Ut
428 1711 523 1770 apere
536 1709 597 1752 non
612 1694 764 1769 potueris,
785 1695 926 1754 assidere
935 1695 1080 1771 potaisli;

76 1784 106 1834 ει
120 1793 221 1834 verum
242 1784 296 1834 est.
339 1776 435 1849 Quare
452 1774 628 1835 redeundum
646 1777 754 1834 rustico
775 1776 811 1835 ad
827 1778 948 1836 animum
969 1775 1100 1853 legum·'

76 1857 192 1918 latoris:
222 1858 411 1939 impietatem
431 1861 543 1938 panire
564 1861 671 1934 coluit,
696 1878 751 1937 epo
769 1869 871 1920 antem
888 1861 999 1938 impias
1020 1879 1081 1921 non

74 1961 153 2002 snm.
191 1940 298 2002 Contra
314 1943 391 2020 prod
407 1943 548 2016 disertus,
574 1941 619 2003 Ta
636 1943 728 2019 impie
744 1943 860 2020 fecisti,
884 1944 987 2020 inquit,
1012 1952 1122 2005 cnm53

54 2027 60 2035 '
75 2027 342 2088 exheredationem
358 2028 509 2101 mernisti,
526 2027 596 2088 licet
610 2035 639 2087 te
655 2033 762 2104 postca
776 2026 826 2086 vel
838 2027 1020 2098 poenitentia
1034 2028 1083 2087 cel

75 2109 208 2171 ambitus
227 2111 271 2172 cd
288 2111 345 2171 hoc
361 2129 458 2188 penas
473 2111 602 2189 optionis
616 2110 795 2172 cadauera.
832 2108 1080 2188 Praetereapro·

72 2200 144 2271 pter
159 2201 188 2255 te
202 2194 367 2255 danmatas
382 2201 427 2256 est
439 2204 547 2272 pater,
569 2194 728 2255 videbaris
739 2195 816 2254 enim
835 2195 988 2255 derauso
1005 2212 1080 2272 pro*

74 2278 244 2338 mannasse.
287 2277 332 2337 hd
353 2278 426 2337 haec
450 2280 590 2337 rusticus:
621 2277 664 2336 l'n
685 2296 758 2339 aero
776 2281 809 2338 in
832 2297 930 2341 cansa
952 2280 1081 2339 damna-

76 2361 167 2422 tionis
186 2362 288 2438 snisti,
310 2362 418 2423 maritos
431 2361 624 2444 offenderas,
646 2363 824 2423 inimicitias
838 2363 941 2423 domni
958 2372 1080 2423 contra-

75 2462 181 2505 ceras.
216 2443 296 2504 llaec
309 2445 525 2505 coniecturalis.
558 2445 633 2507 lllud
648 2462 781 2524 quoque,
798 2446 875 2523 quod
892 2445 1000 2519 coloris
1014 2445 1080 2505 loco

77 2528 203 2586 rusticus
220 2528 305 2607 (licit,
322 2531 411 2606 patris
427 2528 518 2588 luisse
535 2531 593 2589 tale
610 2529 777 2603 consilium,
798 2548 835 2588 ne
851 2531 1014 2588 universam
1029 2529 1079 2588 lo-

75 2627 151 2670 mum
168 2612 300 2688 periculo
323 2611 490 2672 subiiceret.
530 2612 610 2672 llaec
633 2613 722 2690 prima
740 2615 910 2689 quaestione
932 2613 1032 2689 scripti
1053 2619 1081 2669 et

75 2693 234 2754 voluntatis
256 2697 446 2755 continentur.
484 2696 666 2756 Intendamus
687 2696 762 2755 ultra
778 2697 900 2755 animum
920 2694 1120 2754 videamus-54

76 2795 151 2856 que,
173 2797 209 2838 an
225 2779 333 2856 aliquid
347 2781 468 2839 inveniri
484 2790 638 2858 praeterea
654 2780 756 2856 possit.
784 2779 848 2853 Quo
864 2779 893 2837 id
903 2779 990 2838 modo
1012 2774 1081 2837 liet?

75 2860 186 2921 Sedulo
208 2863 302 2921 imitor
324 2871 526 2940 quaerentem,
548 2873 578 2922 ut
599 2880 741 2941 quaerere
763 2863 901 2939 doceam,
924 2871 953 2922 et
973 2863 1080 2921 omisso

76 2946 260 3023 speciosiore
286 2965 397 3023 genere
422 2947 457 3006 ad
481 2947 632 3006 utilitatem
657 2965 702 3005 me
729 2950 873 3007 summitto
901 2947 1079 3006 discentium.

77 3026 184 3088 Omnes
207 3030 301 3089 adhuc
320 3034 507 3108 quaestiones
529 3049 567 3090 ex
589 3047 714 3109 persona
733 3032 867 3108 petitoris
884 3032 980 3108 'ipsius
1001 3029 1079 3089 duxi-

76 3130 153 3181 mus;
178 3132 230 3173 cnr
251 3131 309 3173 non
333 3114 440 3192 aliquid
463 3116 540 3174 circa
563 3124 674 3193 patrem
691 3112 876 3191 quaerimus?
900 3115 1005 3173 dictum
1024 3129 1080 3171 non

77 3205 139 3271 est,
165 3194 223 3257 Cni
243 3200 311 3275 qais
331 3217 391 3260 non
413 3198 552 3281 affuerit,
575 3198 704 3259 exheres
725 3199 793 3258 erit.
839 3196 898 3257 Cur
916 3215 974 3257 non
996 3202 1121 3255 cona-55

75 3298 139 3339 mur
161 3289 191 3339 et
212 3283 260 3352 sic⁴
278 3299 437 3359 quaerere,
462 3279 556 3356 Nnm,
580 3283 750 3359 anicnnqne
772 3285 916 3360 quisnam
937 3280 1081 3363 affuerit?

75 3361 209 3425 Facimus
225 3365 283 3424 hoc
294 3384 385 3444 saepe
400 3368 428 3424 in
444 3367 478 3424 iis
495 3366 718 3440 controversiis,
742 3367 769 3423 in
785 3364 887 3442 quihus
905 3371 1039 3441 petuntur
1054 3364 1081 3420 in

75 3447 208 3523 vincula,
228 3449 275 3526 qui
290 3459 426 3527 parentes
442 3466 510 3508 suos
528 3466 584 3507 non
602 3449 696 3524 alunt,
713 3457 743 3507 ut
759 3466 839 3524 eam,
863 3465 936 3525 quae
952 3447 1080 3506 testimo-
