2408 3854
361 145 791 214 nnsr.onnr0n.n1n.x1‚3.
1017 115 1079 199 215
1128 209 1130 213 ,

69 305 157 381 diam,
179 303 245 383 quia
260 302 423 363 interiectio
440 310 486 362 est
498 302 564 381 soto
575 302 728 381 profoqoe
745 311 774 361 et
790 305 953 364 continuum
968 322 1078 366 somno·

69 405 152 463 nem,
170 388 217 466 qni
236 386 363 446 faciebat
379 384 505 448 Itoie'om
520 383 716 463 Lucinaque,
737 385 845 447 dividit.
880 385 923 447 Ob
943 389 1080 449 eandem·

67 489 127 550 qne
140 488 256 530 cansam
268 479 370 548 quarto
383 471 546 568 profqua,
562 468 666 530 deinde
679 465 859 548 boobtoqoe
868 473 950 535 venit
966 475 1077 544 ditores

70 554 141 613 ubi
132 573 186 614 nam
202 557 257 631 erit
274 554 435 629 distinctio,
458 553 524 631 quia
541 553 608 612 inde
624 552 696 613 alius
712 553 813 632 incipit
828 572 942 615 sensus
975 556 1059 630 Sed
1049 575 1078 617 nn

67 639 139 716 ipsis
162 640 248 698 etiam
272 637 502 698 diminutionibus
517 645 631 715 tempus
653 636 724 698 alias
740 636 857 698 brevius
873 639 944 699 alias
960 626 1077 719 longius

68 722 208 782 dabimus.
239 721 364 781 Interest
380 722 465 797 enim,
484 737 646 781 sermonem
656 721 755 781 finiant
766 738 802 781 nu
818 740 944 783 sensum.
969 723 1120 825 ltaque38

66 805 145 865 illam
168 805 381 866 distinctionem
397 803 505 866 Litora
524 806 655 884 protinus
675 795 769 865 altero
793 807 910 884 spiritus
927 808 1012 868 initio
1035 811 1076 869 in

67 907 190 966 sequen
215 906 278 947 curn
302 887 371 948 illuc
395 905 504 949 venero
520 885 619 968 Atque
638 889 720 950 altae
736 891 856 951 moenio
871 890 1005 955 Romae:
1024 892 1077 953 d·e

67 989 172 1050 ponam
194 981 223 1031 et
247 970 383 1031 morabor
404 981 433 1033 et
454 989 559 1032 novum
575 990 675 1032 rursus
697 972 846 1033 exordium
862 975 975 1035 incinm.
1006 977 1118 1042 Sunt39

65 1055 220 1133 aliquando
252 1065 281 1115 et
312 1056 375 1115 sine
406 1058 597 1135 respiratione
632 1055 772 1134 quaedam
803 1073 903 1118 morae
935 1060 1021 1119 etiam
1047 1062 1076 1120 in

66 1138 205 1217 periodis.
250 1139 287 1200 Ut
317 1140 392 1198 enim
421 1138 773 1204 itta:1neoetoeero
801 1142 908 1239 popuii
934 1141 1074 1220 mouet,

65 1225 216 1301 nepotium
243 1221 402 1302 poblicum
419 1243 548 1303 perenn,
574 1225 721 1307 moqiater
742 1225 880 1302 equitnm
903 1233 960 1285 etc.
987 1225 1075 1287 multa

65 1306 192 1366 membra
215 1306 323 1367 babent
346 1307 465 1386 (sensus
481 1309 555 1368 enim
570 1316 636 1374 sunt
642 1306 697 1368 alii
713 1315 800 1386 atque
820 1308 886 1388 olii)
904 1309 966 1370 sed
992 1327 1075 1370 unam

65 1390 354 1450 circumductionem:
389 1393 427 1451 ita
452 1392 568 1470 paulum
586 1392 790 1454 morandum
780 1409 809 1452 ιιι
831 1391 875 1453 bis
902 1392 1074 1469 intervallis,

65 1488 123 1532 non
140 1473 389 1553 interrumpendus
411 1484 456 1536 est
472 1483 634 1536 contextus.
667 1474 726 1535 Sed
749 1477 928 1538 econtrario
944 1479 1074 1557 spiritum

65 1557 179 1615 interim
193 1558 329 1636 recipere
347 1559 409 1618 sine
425 1559 575 1619 intellectu
587 1575 687 1619 morae
702 1577 827 1639 necesse
844 1569 905 1636 est,
932 1578 989 1639 quo
1005 1560 1073 1621 loco

66 1641 148 1717 quasi
162 1640 361 1720 surripiendus
377 1649 437 1709 est;
461 1642 571 1720 alioqui
589 1644 613 1701 si
633 1643 736 1703 inscite
752 1645 928 1721 recipiatur,
950 1661 1008 1704 non
1022 1646 1073 1704 nni·

63 1742 116 1781 nus
132 1723 234 1784 aderat
255 1724 440 1784 obscuritatis
454 1743 538 1804 quarn
552 1725 657 1785 vitiosa
672 1724 827 1786 distinctio.
858 1727 956 1786 Virtus
978 1736 1073 1787 autern

64 1807 257 1906 distinguendi
273 1808 400 1868 tortasse
416 1810 453 1868 sit
465 1826 568 1887 purva;
584 1810 646 1868 sine
659 1826 715 1888 qua
730 1817 824 1868 tamen
841 1827 909 1915 esse
924 1809 1001 1871 nulla
1016 1809 1073 1870 alia
1152 1833 1155 1836 ¹

62 1891 91 1948 in
107 1891 221 1967 agendo
237 1900 345 1969 potest.

148 1971 285 2034 Ornata
313 1984 359 2035 est
380 1975 589 2054 pronuntiatio,
619 1976 665 2035 cui
688 1975 861 2052 suffragatur
882 1991 942 2035 vox
964 1976 1108 2053 facilis,40

61 2075 181 2134 magna,
198 2057 296 2135 beata,
312 2057 459 2136 flexibilis,
477 2056 689 2136 firma„duicis,
710 2058 863 2134 durabilis,
881 2057 970 2133 clera,
987 2076 1070 2138 pura,

62 2158 166 2201 secans
186 2148 255 2201 aetra
279 2151 308 2203 et
329 2141 445 2204 auribus
463 2143 585 2219 sedens,
612 2141 674 2221 (est
691 2143 765 2202 euim
780 2142 921 2222 quaedam
936 2142 972 2203 ad
993 2142 1071 2204 audi·

61 2232 119 2284 tum
142 2222 360 2288 accommodato
383 2243 441 2287 non
459 2226 654 2304 magnitudine
669 2227 721 2288 sed
738 2228 935 2306 proprietate)
956 2227 992 2288 nd
1014 2225 1071 2287 boc

60 2309 141 2369 velut
161 2309 338 2387 tractabilis,
361 2312 460 2390 utique
478 2310 587 2372 babens
604 2327 703 2372 omues
719 2311 748 2370 in
762 2328 812 2387 se,
834 2311 882 2390 qui
904 2309 1070 2373 desiderun-

60 2402 123 2468 tur,
141 2409 231 2454 sonos
247 2395 481 2474 intentionesque
497 2404 527 2455 et
542 2403 620 2471 toto,
641 2395 779 2471 utrium,
799 2412 940 2474 nepotem·
958 2395 1004 2455 cui
1021 2394 1070 2455 nd·

62 2478 116 2535 erit
132 2476 231 2536 lateris
250 2476 385 2555 firmitas,
410 2480 528 2556 spiritns
553 2497 617 2540 curn
638 2479 732 2558 spatio
748 2480 880 2557 pertinax
901 2487 960 2537 tum
975 2475 1070 2537 labori

61 2575 119 2618 non
134 2560 222 2620 incile
240 2578 387 2622 cessurus.
418 2559 520 2640 Neque
535 2562 722 2640 gravissimus
738 2571 833 2621 autern
853 2562 882 2619 in
897 2561 1006 2620 musica
1021 2568 1131 2634 ιο-ιι,

61 2661 114 2701 nus
132 2659 187 2702 nec
202 2645 384 2705 acutissimus
401 2645 579 2705 orationibus
595 2647 740 2705 convenit.
770 2641 843 2704 Nam
861 2651 890 2702 et
905 2642 953 2704 bic
970 2660 1070 2720 parum

62 2725 158 2787 clarus
173 2726 345 2805 nimiumque
356 2727 461 2807 plenus
476 2727 584 2788 nullum
600 2728 707 2788 afferre
722 2728 821 2788 animis
837 2735 944 2787 motum
959 2735 1068 2804 potest,
1081 2783 1085 2790 .

60 2819 90 2869 et
105 2810 157 2871 ille
175 2811 342 2889 praetenuis
357 2820 390 2880 ‚et
405 2812 575 2873 immodicae
596 2811 750 2887 claritatis,
776 2828 839 2870 cunr
861 2819 906 2871 est
923 2810 998 2871 ultra
1018 2828 1069 2871 ve·

59 2912 137 2969 rum,
161 2904 220 2955 tum
237 2912 332 2973 neque
347 2896 580 2974 pronuntiatione
600 2894 679 2956 docti
694 2913 789 2975 neque
811 2893 914 2955 diutius
932 2895 1011 2956 ierre
1027 2896 1072 2955 tn:

60 2979 217 3039 tentionem
239 2987 347 3058 potest.
383 2978 455 3040 Nam
475 2996 536 3040 vox
560 2988 590 3040 ut
611 2979 709 3055 nervi,
733 2994 791 3058 quo
812 2980 979 3056 remissior,
1012 2976 1111 3040 hocas

58 3063 178 3137 gravior
200 3070 229 3122 et
249 3061 380 3141 plenium
405 3079 463 3143 quo
481 3065 607 3140 tensior,
629 3061 686 3124 boc
707 3064 800 3124 tenuis
823 3072 853 3124 et
876 3073 960 3124 acuta
975 3064 1067 3141 magis

60 3153 114 3203 est
143 3145 194 3205 Sie
207 3146 262 3206 ima
279 3147 336 3206 vim
351 3163 408 3206 non
424 3145 529 3223 babet,
549 3165 657 3208 summa
676 3148 768 3227 rumpi
785 3147 976 3226 periclitatur.
1007 3145 1067 3206 tte·

59 3227 114 3288 diis
136 3245 209 3305 ergo
229 3229 365 3290 utendum
380 3231 477 3304 sonis,
503 3231 591 3309 bique
609 3250 673 3292 oum
688 3231 821 3310 augenda
837 3232 994 3291 intentione
1017 3246 1066 3288 ex·

60 3311 183 3387 citandi,
208 3330 271 3372 cum
292 3312 493 3373 summittendo
509 3324 574 3375 sunt
589 3314 778 3394 temperandi

134 3393 214 3457 Nam
236 3397 326 3474 prima
349 3405 394 3455 est
417 3395 585 3458 observatio
607 3408 689 3461 recte
704 3397 905 3478 pronuntiandi
929 3413 1064 3474 aequu-
1054 3400 1109 3458 -43
