2408 3854
110 201 152 265 tt
430 212 791 274 manaounrmuanr

111 370 235 448 denique
252 370 345 431 omnia
362 369 435 428 baec
454 369 490 430 ad
510 369 661 429 utilitatem
678 385 829 429 causarum
850 368 943 429 solam
956 368 1111 435 referenda

5 491 6 494 =
111 463 185 515 sunt.
231 451 316 514 Cultu
335 469 408 513 vero
426 461 513 532 atque
528 461 629 512 ornatu
644 470 677 511 se
698 469 815 532 quoque
839 452 1020 514 commendat
1036 473 1110 535 ipse,

112 540 160 618 qui
177 538 264 613 dicit,
281 546 311 598 et
327 538 355 597 in
369 537 475 596 ceteris
492 536 625 597 iudicium
640 535 806 612 doctorum,
825 537 854 596 iu
868 535 925 597 boo
941 555 1015 597 vero
1028 540 1112 601 etiam

83 622 282 701 apopularem
298 620 413 681 laudem
433 620 514 698 petit.
554 618 617 680 Nec
637 619 759 680 fortibus
774 620 860 680 modo
880 621 933 681 sed
955 623 1045 683 etiarn
1058 623 1111 685 iul·

110 705 245 784 gentibus
261 705 346 765 armis
362 703 523 784 proeliatur
541 705 571 764 iu
586 721 673 764 causa
689 702 795 765 Cicero
811 702 953 774 Gornelu'b
983 706 1034 786 qui
1056 724 1111 767 uon

110 797 284 850 consecutus
303 797 383 849 esset
402 787 535 848 docendo
557 787 680 848 indicem
701 796 808 849 tanturn
824 797 853 849 et
873 789 981 849 utiliter
999 790 1112 851 demum

109 892 143 934 ac
158 872 257 933 Latine
278 874 493 953 perspicueque
515 871 655 947 dicendo,
676 880 708 931 ut
721 873 847 951 populns
861 872 1007 934 Romanas
1025 874 1110 935 admi·

108 959 248 1017 rationem
274 974 353 1017 suam
378 973 435 1017 non
462 955 669 1017 acclamatione
695 964 802 1016 tanturn
824 956 877 1018 sed
903 958 990 1018 etiam
1009 957 1111 1037 plausa

109 1041 305 1101 confiteretur.
345 1040 510 1101 Sublimitas
525 1040 659 1118 profecto
676 1049 706 1100 et
719 1041 931 1118 magnificentia
946 1051 977 1101 et
990 1043 1070 1102 nitor
1084 1050 1112 1102 et

79 1125 266 1188 tauctoritas
287 1127 433 1203 expressit
454 1123 534 1184 illum
557 1125 714 1201 fragorem.
753 1123 817 1184 Nec
838 1133 895 1185 tarn
914 1125 1033 1186 insolita
1051 1126 1111 1187 laus

109 1218 189 1268 esset
203 1217 360 1288 prosecuta
376 1209 537 1284 dicentem,
555 1209 580 1267 si
594 1209 698 1268 usitata
715 1217 743 1268 et
764 1210 871 1268 ceteris
892 1209 992 1270 similis
1009 1210 1112 1271 misser

109 1294 212 1354 oratio.
254 1291 352 1370 Atque
375 1310 433 1370 ego
453 1290 521 1353 illos
537 1292 643 1368 credo,
662 1293 711 1371 qui
734 1292 868 1369 aderant,
894 1309 949 1352 nec
969 1295 1110 1370 sensisse,

108 1376 175 1456 quid
199 1376 345 1453 facerent,
370 1394 426 1435 nec
449 1384 554 1455 sponte
573 1376 739 1454 iudicioque
760 1376 919 1455 plausisse;
952 1377 1008 1439 sed
1032 1376 1111 1440 uelut

28 1479 32 1485 ·
107 1470 203 1520 mente
225 1469 327 1538 captos
348 1469 394 1536 et,
428 1476 485 1538 quo
507 1469 606 1519 essent
628 1462 657 1520 in
684 1459 770 1536 loeo,
794 1462 912 1538 ignaros
933 1462 1112 1540 erupisseia

107 1545 183 1604 bunc
202 1544 359 1623 voluptatis
375 1544 518 1604 affectum.

79 1641 96 1692 5
192 1627 250 1687 Sed
266 1645 302 1686 ne
319 1646 425 1688 causae
441 1627 556 1706 quidem
570 1645 670 1706 parurn
685 1627 799 1687 confert
813 1628 889 1688 idern
904 1627 951 1689 bic
970 1627 1110 1688 orationis

107 1720 234 1771 ornatus.
270 1710 360 1788 Nam,
384 1714 432 1790 qui
451 1711 576 1771 libenter
590 1712 722 1787 audiunt,
745 1720 774 1771 et
796 1714 888 1789 magis
909 1711 1061 1799 attendunt
1082 1719 1110 1772 et

106 1795 219 1855 facilius
231 1796 369 1872 creduut,
385 1796 580 1875 plerumque
571 1813 635 1874 apsa
646 1794 843 1855 delectatione
859 1786 1027 1874 capiuntur,
1040 1812 1110 1855 non·

106 1897 248 1959 nunquam
262 1879 450 1941 admiratione
466 1881 641 1940 auferuntur.
679 1877 752 1939 Nam
771 1887 800 1939 et
816 1879 924 1939 ferrum
938 1879 1026 1941 affert
1040 1895 1108 1940 ocu·

106 1963 142 2023 lis
156 1965 276 2024 terroris
291 1965 415 2043 aliquid,
429 1972 458 2023 et
473 1963 613 2022 fulmina
603 1979 668 2040 ipsa
678 1979 736 2022 non
751 1971 808 2023 tam
821 1979 874 2022 nos
889 1961 1110 2038 confunderent,

74 2062 91 2117 a
106 2049 130 2106 si
148 2049 192 2107 vis
209 2064 310 2108 eorum
324 2057 431 2109 tautum
445 2064 503 2106 non
518 2049 602 2107 etiarn
618 2048 682 2124 ipse
697 2045 795 2124 fulgor
812 2048 969 2107 timeretur.
1003 2044 1109 2107 Recte·

106 2149 163 2210 que
185 2128 290 2191 (licere
312 2130 357 2192 bis
378 2133 450 2210 ipsis
472 2131 507 2191 ad
530 2129 647 2190 Brutum
666 2128 764 2190 verbis
789 2130 911 2209 quadam
931 2130 961 2193 iu
983 2129 1110 2209 epistola

107 2213 223 2274 scribit:
247 2212 328 2276 Nom
341 2216 560 2293 eloquentiam,
583 2230 664 2292 quoe
678 2214 913 2277 admirationem
926 2232 988 2275 non
1007 2213 1110 2289 teon,

105 2299 220 2359 nnllam
239 2299 355 2360 iudico
399 2297 529 2358 Eandem
545 2296 722 2359 Aristoteles
746 2315 862 2379 qnoque
883 2295 1039 2377 petendam
1054 2314 1109 2357 ma·

105 2383 181 2441 xime
196 2390 285 2460 putat.

190 2465 249 2551 Sed
268 2464 315 2527 bic
332 2474 449 2526 ornatus
468 2466 614 2545 (repetam
628 2467 717 2545 enirn)
737 2464 829 2526 virilis
846 2474 875 2525 et
894 2464 977 2525 fortis
1000 2473 1032 2526 et
1046 2482 1109 2527 san·

106 2559 169 2609 ctus
185 2552 221 2610 sit
236 2568 291 2610 nee
308 2550 498 2611 effeminatam
509 2549 657 2611 levitatem
671 2558 700 2610 et
714 2549 782 2609 fuco
799 2550 963 2610 ementitum
978 2548 1112 2609 colorem

76 2638 199 2711 lamet,
220 2635 361 2713 sanguine
382 2643 412 2694 et
435 2633 544 2695 viribus
566 2636 665 2694 niteat.
709 2631 773 2693 Hoc
793 2641 889 2693 autern
909 2631 983 2693 adeo
1009 2648 1110 2693 verum

107 2728 168 2795 est,
184 2727 231 2795 ιιι,
254 2738 317 2779 cum
330 2720 359 2778 in
373 2718 428 2779 bac
442 2720 565 2778 maxime
580 2726 663 2798 parte
680 2718 737 2777 siut
752 2718 847 2778 vicium
862 2715 1015 2776 virtutibus
1030 2716 1109 2791 ritis,

107 2802 206 2878 etiam,
224 2803 271 2880 qui
287 2803 363 2863 vitiis
379 2811 510 2878 utuntur,
525 2803 660 2862 virtutum
674 2809 768 2861 tamen
783 2801 817 2861 iis
833 2817 937 2861 nornen
952 2801 1109 2878 imponant.

106 2884 204 2959 Quare
223 2902 307 2945 nemo
326 2904 363 2946 ex
379 2888 523 2966 cormptis
540 2884 632 2961 dicat,
655 2902 701 2945 me
720 2885 863 2945 inimicam
880 2902 948 2944 esse
969 2881 1049 2945 calte
1069 2881 1109 2943 dl·

107 2967 248 3029 centibus.
284 2968 350 3030 Non
365 2969 439 3030 banc
456 2987 524 3029 esse
538 2970 673 3029 virtutem
693 2984 788 3046 nego,
810 2968 863 3029 sed
887 2967 946 3028 illis
969 2984 1035 3027 eam
1053 2983 1111 3026 non

77 3053 210 3113 attribuo.
253 3052 299 3114 An
321 3071 379 3131 ego
400 3053 516 3113 fundum
539 3052 691 3113 cultiorem
706 3061 819 3132 putem,
841 3054 870 3111 in
887 3067 945 3131 quo
960 3050 1030 3111 mibi
1045 3050 1109 3131 quis

107 3137 267 3198 ostenderit
281 3137 339 3198 lilia
354 3147 384 3198 et
394 3135 488 3198 violas
503 3145 533 3196 et
547 3152 718 3213 anemonas,
735 3135 831 3196 fontes
840 3144 1012 3214 surgentes,
1025 3150 1110 3215 quam

105 3222 154 3281 ubi
169 3221 255 3300 plena
271 3223 375 3282 messis
393 3230 440 3281 ant
451 3238 557 3297 graves
575 3220 669 3281 fructu
685 3181 760 3281 vibes
776 3217 882 3280 erunt?
903 3217 1035 3280 sterilem
1049 3216 1110 3297 pla·

106 3314 201 3366 tannrn
217 3315 375 3384 tonsasque
385 3314 495 3379 myrtos
508 3323 592 3385 quant
602 3307 731 3364 maritam
744 3303 850 3364 ulmum
865 3314 895 3364 et
905 3302 1014 3364 uberes
1027 3302 1109 3364 oleas

105 3385 361 3469 praeoptaverim‘i
392 3387 522 3449 Habeant
541 3389 591 3450 illa
606 3389 725 3458 divites;
748 3388 833 3458 licem
860 3386 928 3466 qnid
943 3395 1110 3463 essent‚st
1146 3398 1150 3409 '

80 3471 186 3533 saliud
208 3472 277 3533 nibil
296 3469 455 3534 baberent?
493 3471 635 3533 Nullusne
659 3489 731 3550 ergo
754 3473 839 3532 etiam
860 3470 1011 3550 frugiferis
1032 3468 1110 3532 attt-
