2408 3854
327 195 416 243 ruer.
440 171 589 242 onnrou'.
612 195 797 260 nrn.v11,1.
1046 185 1065 244 5

56 353 210 416 volontati
223 360 294 413 tone
307 368 368 411 non
380 351 542 429 poenoten-
557 352 631 411 utin
645 350 713 411 olio
728 353 829 413 omnia
838 351 994 414 subiectus
1009 355 1065 415 sit:

58 457 121 500 non
133 443 263 515 propter
282 437 450 513 optionem
474 441 507 494 ut
522 443 653 513 propter
672 437 838 513 optionem:
866 457 925 498 non
939 446 1066 516 propter

58 523 155 584 telem
183 521 343 598 optionem.
395 517 475 576 llaec
501 518 796 595 iuris'quaestionum
822 520 983 580 differentia
1009 531 1063 581 est.

59 605 94 664 ln
108 605 194 664 lactis
213 612 307 662 autem
329 601 364 661 ad
380 602 455 661 idem
477 601 623 661 tendentia
640 611 705 661 sunt
720 603 821 680 plura,
844 604 999 683 exquibus
1016 605 1123 673 ali-m,

60 707 118 767 qua
136 689 208 748 citra
224 704 359 746 summam
376 686 574 763 quaestionem
590 686 694 745 remitti
710 687 821 756 solent;
843 698 891 764 ut,
909 689 934 748 si
945 691 985 764 is,
1003 707 1066 748 eum

60 789 120 852 quo
135 771 203 831 lurti
215 773 319 848 agitur,
336 769 428 829 dicat:
444 767 546 831 Probo
557 779 586 831 te
597 771 751 847 tabuisse,
764 774 866 850 probo
877 775 1065 851 perdidisse,

59 857 163 934 probo
179 857 263 935 furto
277 855 470 933 perdidisse,
489 855 590 933 prodo
611 873 679 915 neo
701 855 827 932 froude.
870 856 969 916 Priora
993 858 1066 916 enim

61 941 170 1000 remitti
186 947 321 1017 possunt;
342 937 470 996 ultimum
483 954 540 996 non
557 946 664 1015 potest.

148 1023 286 1083 Solebam
303 1031 332 1081 et
346 1021 403 1080 hoc
416 1021 516 1081 lacere
532 1024 706 1100 praecipue,
724 1033 753 1083 ut
768 1024 817 1083 vel
834 1023 869 1084 ab
885 1025 983 1084 ultima
999 1029 1108 1102 spe-ae

62 1109 109 1167 cie
140 1107 220 1185 (nam
246 1124 281 1166 ea
308 1105 370 1164 lere
398 1114 459 1179 est,
486 1123 561 1183 quae
591 1108 720 1166 eontinet
746 1111 880 1187 causam)
907 1118 1066 1168 retrorsum

61 1208 235 1270 quaererem
255 1189 398 1268 usquead
414 1191 532 1267 primam
552 1190 721 1265 generalem
737 1194 953 1268 quaestionem,
979 1191 1028 1251 vel
1050 1211 1066 1251 a

59 1292 174 1352 genere
201 1275 237 1334 ad
268 1283 424 1333 extremam
450 1275 580 1350 speciem
602 1273 828 1350 descenderem,
850 1277 934 1335 etiam
956 1278 984 1335 in
1001 1294 1064 1334 sua-

61 1360 159 1417 soriis.
203 1357 241 1418 Ut
257 1356 398 1416 deliberat
414 1355 521 1432 Numa,
541 1376 584 1418 on
598 1377 725 1436 repnnm
740 1358 935 1441 offerentibus
953 1359 1058 1420 Romo
1074 1363 1106 1414 Ἃ

59 1444 112 1503 nis
135 1443 275 1524 recipiat.
320 1440 442 1501 Primum
464 1440 492 1499 id
514 1450 559 1500 est
582 1459 691 1517 genus,
717 1439 766 1502 An
787 1444 1001 1521 requendum?
1024 1461 1066 1504 on

59 1528 94 1587 in
114 1527 238 1587 civitate
255 1527 379 1587 alieno?
401 1544 443 1585 on
460 1524 595 1586 Romae?
616 1545 657 1586 on
678 1528 775 1588 loturi
789 1529 850 1589 sint
867 1527 998 1589 Romani
1019 1540 1065 1587 to-

59 1612 121 1670 dem
138 1612 265 1688 repens?
299 1609 436 1668 Similiter
451 1610 479 1666 in
496 1610 712 1670 controversiis.
759 1608 846 1689 Optet
862 1612 936 1671 enim
949 1613 993 1671 vir
1007 1611 1065 1671 for·

61 1696 98 1754 tis
116 1693 239 1754 alienam
253 1710 383 1752 uxorem.
427 1691 532 1752 Ultima
557 1696 673 1771 species
691 1704 751 1769 est,
776 1692 824 1756 An
842 1703 952 1774 optare
969 1698 1067 1773 possit

60 1779 198 1840 alienans
209 1780 359 1840 onorem?
396 1776 538 1837 Generale
553 1787 617 1853 est,
635 1775 685 1838 An
700 1780 851 1856 quidquid
864 1781 995 1858 optarit,
1011 1798 1066 1840 oc-

60 1865 169 1942 cipere
201 1862 330 1924 delient?
372 1860 458 1935 lude,
487 1859 534 1921 An
557 1879 597 1921 en
620 1863 765 1939 privent
787 1881 828 1922 on
849 1864 996 1941 nuptias?
1024 1880 1065 1922 on

57 1948 208 2008 moritum
222 1946 382 2007 dedentis?
406 1944 465 2004 Sed
476 1944 533 2003 hoo
548 1961 622 2019 uon,
640 1945 876 2022 quemadmodum
893 1946 1012 2019 dicitur,
1028 1949 1107 2008 itate

61 2039 93 2090 et
109 2031 265 2107 quaeritur.
303 2029 425 2089 Primum
448 2030 521 2087 enim
540 2031 666 2087 occurrit
684 2028 764 2104 iere,
787 2029 864 2106 quod
880 2037 925 2088 εει
939 2029 1066 2089 ultimum

60 2114 227 2190 dicendum,
242 2123 272 2173 ut
286 2114 354 2189 hoc,
370 2110 438 2174 Non
454 2112 693 2174 decorationem
707 2122 959 2192 neoresnoptore.
981 2112 1064 2172 ldeo-

61 2215 121 2277 que
138 2198 309 2257 divisionem
324 2197 420 2274 perdit
434 2197 590 2256 festinatio.
623 2195 689 2255 Non
705 2206 821 2276 oportet
838 2199 925 2275 igitur
941 2197 1065 2257 olieren·

60 2281 139 2342 tibus
162 2299 195 2340 se
217 2290 382 2340 contentum
410 2299 491 2347 esse:
520 2289 676 2359 quaeratur
697 2281 805 2359 aliquid
823 2284 908 2342 etiam
929 2281 1021 2357 ultra,
1039 2284 1067 2341 si

58 2385 99 2427 ne
114 2367 242 2426 mdnnm
263 2367 408 2443 quidem?
432 2364 525 2424 adhuc
538 2365 621 2441 plus,
638 2367 667 2426 si
686 2367 762 2427 nihil
776 2384 816 2426 eo
831 2368 975 2444 pmooto?
1001 2365 1065 2425 ulti-

58 2467 137 2508 mum
146 2458 323 2524 retrorsum,
343 2448 420 2525 quod
434 2449 510 2508 idem
525 2466 541 2507 a
557 2449 651 2526 capite
667 2452 787 2527 primunr
803 2459 864 2524 est,
881 2452 909 2510 si
919 2449 996 2510 ninii
1008 2451 1065 2509 ini-

60 2535 179 2611 quom?
222 2531 323 2610 ltaque
335 2533 537 2610 propositione
555 2533 633 2607 visa,
657 2534 734 2610 quod
751 2543 797 2593 est
812 2533 993 2608 facillimum,
1018 2545 1107 2597 coto

58 2618 204 2694 gitemus,
221 2617 245 2674 si
256 2616 319 2675 lieri
335 2625 449 2693 potest,
466 2615 534 2694 quid
550 2616 679 2677 naturale
695 2619 732 2676 sit
747 2619 867 2694 primum
882 2615 1063 2694 responderi.

59 2700 92 2760 ld
111 2701 153 2774 si,
175 2708 309 2777 tanquam
329 2717 378 2758 res
398 2709 500 2776 agatur
515 2708 545 2759 et
559 2698 641 2759 nobis
661 2702 731 2778 ipsis
751 2700 947 2778 respondendi
962 2717 1064 2759 neces-

59 2785 133 2843 sitas
155 2785 208 2858 sit,
230 2784 334 2842 intueri
357 2783 507 2856 volumus,
534 2786 671 2843 occurrit.
711 2785 746 2844 Si
764 2784 792 2844 id
819 2801 877 2844 non
900 2784 1106 2861 contigerint?

58 2883 236 2945 seponamus
257 2867 303 2942 id,
331 2867 408 2944 quod
429 2869 549 2945 primum
570 2885 602 2926 se
620 2867 772 2944 obtulerit,
796 2878 825 2928 et
841 2869 897 2945 ipsi
916 2867 1066 2927 nobiseum

59 2951 105 3010 sic
121 2949 285 3027 loquamur:
307 2949 382 3024 Quid
397 2952 422 3009 si
439 2951 497 3010 hoc
512 2967 569 3009 non
581 2949 682 3010 esset?
702 2954 730 3013 id
746 2955 849 3012 iterum
865 2962 893 3012 et
911 2954 1024 3011 tertium
1037 2959 1065 3009 et

58 3034 128 3094 dum
143 3032 213 3093 nihil
236 3037 274 3093 sit
294 3035 408 3112 reliqui.
452 3033 554 3112 ltaque
572 3035 710 3096 inferiora
731 3053 847 3115 quoque
863 3035 1064 3109 scrutabimur,
1176 3082 1181 3104 ,

59 3134 137 3196 quae
159 3126 281 3177 tractata
302 3117 462 3177 faciliorem
480 3117 563 3177 nobis
579 3120 701 3178 iudicem
723 3121 751 3179 in
768 3138 876 3180 summa
894 3120 1064 3198 quaestione
1171 3152 1175 3157 ·

59 3202 179 3261 facient.
223 3199 289 3260 Non
313 3200 451 3260 dissimile
475 3202 542 3261 huic
565 3212 660 3262 estet
683 3203 752 3262 illud
774 3213 978 3282 praeceptum,
1001 3211 1032 3260 ut
1049 3211 1107 3265 aid

59 3283 258 3344 communibus
274 3285 309 3344 ad
326 3288 444 3363 propria
457 3287 614 3345 veniamus.
652 3285 728 3346 Fere
745 3289 821 3346 enim
837 3289 995 3346 communia
1012 3302 1064 3361 ge·

59 3368 172 3427 neralia
195 3377 269 3427 sunt.
305 3366 477 3445 Commune,
503 3369 677 3449 Tyrannum
696 3373 827 3440 occidit;
852 3372 998 3448 proprium
1023 3377 1065 3428 ta·

57 3469 141 3526 men,
161 3449 338 3530 Tyrannum
352 3454 483 3523 occidit;
498 3455 608 3514 mulier
621 3455 750 3531 occidit,
765 3470 846 3516 onor
859 3455 982 3515 occidit.
