2408 3854
393 171 483 221 ruer.
502 169 651 219 onsuon.
667 170 736 218 nro.
753 171 787 237 x,
803 170 828 221 1.
1047 161 1103 222 151

98 346 155 406 que
176 343 251 386 nova
269 325 320 386 illa
343 324 425 384 velut
447 327 596 385 nascentia
620 344 685 386 curn
713 325 816 386 lavore
837 344 872 386 ac
898 326 1103 389 sollicitudine.

96 410 161 472 Nec
175 410 290 470 fortuna
312 407 399 468 modo
419 408 515 468 iudicii
540 408 592 468 sed
614 410 699 469 etiam
718 410 848 487 ipsorum
864 412 912 488 qui
930 419 1012 471 orant
1027 413 1105 490 peri-

98 494 165 556 culo
181 492 331 554 allicimur.
369 491 489 552 Praeter
509 492 584 553 haec
604 509 679 565 uox,
698 493 921 570 actio‘deccra,
944 495 1104 570 commoda,
1114 501 1147 555 17

96 587 127 638 ut
144 578 267 655 quisque
283 575 367 635 locus
390 574 565 654 postulabit,
582 575 784 655 pronuntiandi
798 576 848 636 uel
862 579 1061 656 potentissima
1077 580 1106 638 in

97 660 220 723 dicendo
233 662 306 720 ratio
323 668 369 734 et,
391 667 422 718 ut
437 659 529 719 semel
546 661 655 736 dicam,
681 661 791 738 pariter
812 661 906 721 omnia
927 661 1042 721 docent.
1073 661 1105 721 ln

96 745 225 806 lectione
242 745 349 804 certius
365 741 517 819 iudicium,
540 743 618 822 quod
640 744 764 804 audienti
779 743 950 823 frequenter
971 754 1019 804 aut
1036 763 1104 804 suus

97 831 201 907 cuique
222 828 306 888 lavor
327 835 374 886 aut
394 826 445 887 ille
466 827 640 888 laudantium
665 826 775 887 clamor
799 836 965 906 extorquet.
1013 828 1106 890 Pudet
1115 837 1148 890 18

96 914 171 973 enim
187 912 352 986 dissentire,
370 918 399 970 et
416 910 497 971 velut
512 913 598 971 tacita
615 911 737 989 quadam
752 913 928 973 verecundia
946 911 1106 972 inhibemur

95 997 163 1076 plus
178 995 262 1056 nohis
279 995 419 1071 credere,
441 1012 505 1055 curn
520 995 633 1055 interim
652 1003 681 1054 et
696 996 802 1056 vitiosa
824 995 955 1074 pluribus
974 995 1103 1075 placent,
1129 994 1132 999 ’

97 1089 127 1141 et
149 1097 166 1139 a
187 1080 350 1157 corrogatis
374 1078 526 1140 laudantur
554 1080 640 1139 etiam
663 1096 738 1156 quae
758 1096 816 1138 non
837 1079 963 1158 placent.
1005 1080 1064 1140 Sed
1087 1087 1148 1141 019

96 1166 243 1225 contrario
252 1178 377 1241 quoque
393 1162 514 1238 accidit,
535 1172 565 1222 ut
588 1161 695 1240 optime
717 1161 801 1222 dictis
819 1163 941 1240 gratiam
958 1179 1048 1241 prava
1063 1165 1105 1223 iu-

96 1248 170 1310 dicia
193 1264 251 1307 non
273 1246 411 1307 referant.
458 1245 559 1306 Lectio
581 1245 674 1305 lihera
697 1254 743 1305 est
768 1264 823 1306 nec
848 1246 970 1306 actionis
996 1248 1104 1325 impetu

95 1332 277 1398 transcurrit;
295 1330 348 1390 sed
365 1337 502 1409 repetere
515 1331 633 1408 saepius
649 1329 737 1406 licet,
756 1332 819 1390 sive
835 1328 949 1390 dubites
964 1330 1027 1389 sire
1045 1347 1104 1389 me·

95 1416 204 1474 moriae
220 1414 342 1491 affigere
357 1413 443 1474 velis.
478 1412 654 1492 Repetamus
671 1421 766 1473 autem
783 1423 813 1474 et
828 1422 1001 1489 tractemus,
1024 1423 1054 1474 et
1075 1422 1105 1473 ut

96 1498 178 1559 cihos
197 1514 313 1558 mansos
337 1515 373 1558 ac
393 1514 487 1577 prope
509 1497 684 1576 liquefactos
700 1497 889 1574 demittimus,
912 1514 968 1577 quo
990 1497 1104 1558 facilius

95 1582 280 1660 digerantur:
302 1583 341 1642 ita
359 1581 448 1641 lectio
470 1598 528 1641 non
544 1581 632 1642 cruda
648 1581 701 1642 sod
715 1581 804 1643 multa
824 1583 978 1642 iteratione
994 1580 1104 1641 mollita

96 1675 125 1726 et
137 1665 217 1725 velut
232 1666 367 1726 confecta
386 1667 542 1725 memoriae
559 1666 768 1743 imitationique
784 1665 921 1727 tradatur.

180 1749 225 1809 Ac
240 1750 287 1809 diu
302 1765 361 1809 non
382 1750 436 1808 nisi
454 1752 578 1827 optimus
595 1750 718 1828 quisque
744 1758 773 1808 et
795 1751 843 1828 qui
866 1749 1032 1809 credentem
1051 1747 1148 1808 sibico

95 1836 209 1894 minime
226 1833 309 1894 lallat
328 1832 471 1910 legendus
488 1840 550 1909 est,
572 1832 624 1892 sed
640 1833 796 1910 diligenter
817 1850 852 1891 ac
870 1849 964 1910 paene
980 1832 1016 1891 ad
1033 1832 1104 1891 scri·

95 1915 181 1978 hendi
196 1916 421 1978 sollicitudinem
431 1938 442 1984 ς.
460 1934 516 1976 nec
540 1934 595 1995 per
607 1926 707 1996 partes
721 1915 808 1976 modo
828 1915 981 1975 scrutanda
999 1915 1104 1989 omnia,

96 2002 149 2063 sed
166 2000 317 2079 perlectus
333 1999 408 2061 liber
422 2001 521 2079 utique
538 2018 575 2060 err
590 2002 705 2078 integro
721 1999 928 2075 resumendus,
945 1999 1103 2078 praecipue

96 2088 207 2162 oratio,
225 2086 305 2144 cuius
324 2086 445 2145 virtutes
461 2084 631 2163 frequenter
650 2103 687 2145 err
701 2084 840 2145 industria
867 2100 984 2163 quoque
1006 2080 1104 2142 occul·

96 2178 199 2229 tantur.
240 2169 337 2248 Saepe
353 2171 428 2229 enirn
442 2178 614 2247 praeparat,
636 2168 811 2247 dissimulat,
827 2167 976 2229 insidiatur
993 2173 1103 2240 orator,
1113 2176 1144 2227 21

97 2271 191 2332 eaque
207 2254 235 2311 in
251 2255 341 2331 prima
357 2262 441 2332 parte
457 2254 578 2314 actionis
596 2253 681 2333 dicit,
699 2271 774 2332 quae
789 2252 898 2313 suntin
913 2268 1021 2312 summa
1036 2266 1104 2329 pro·

96 2336 200 2396 lutura.
242 2335 343 2415 ltaque
366 2354 419 2398 suo
441 2336 509 2397 loco
532 2338 623 2397 minus
638 2336 774 2416 placent,
796 2337 889 2398 adhuc
909 2334 994 2396 nobis
1016 2351 1105 2414 quare

96 2419 173 2480 dicta
193 2421 249 2479 sint
266 2420 480 2497 ignorantibus;
496 2420 622 2500 ideoque
640 2430 722 2482 erunt
733 2423 858 2498 cognitis
873 2418 1004 2480 omnihus
1019 2435 1105 2497 repe·

95 2503 193 2563 tenda.
240 2501 315 2564 Illud
338 2522 409 2565 vcro
431 2505 628 2578 utilissimum,
657 2522 746 2565 nosse
771 2522 821 2564 eas
842 2521 962 2579 causas,
987 2518 1106 2580 quarum
1114 2511 1148 2563 tt

95 2586 245 2645 crationes
261 2587 290 2645 in
306 2604 405 2647 manus
416 2591 636 2666 sumpserimus,
653 2597 681 2648 et
696 2590 832 2667 quotiens
842 2588 1001 2662 continget,
1017 2584 1105 2643 utrin-

97 2687 155 2748 que
170 2667 283 2729 habitas
299 2668 401 2747 legere
416 2673 563 2733 actiones:
586 2681 617 2731 ut
631 2670 835 2732 Demosthenis
850 2678 936 2747 atque
950 2666 1105 2728 Aeschinis

97 2756 171 2814 inter
187 2771 221 2813 se
237 2756 410 2821 contrariam
435 2762 464 2814 et
490 2755 585 2814 Servii
605 2754 727 2834 Sulpicii
750 2763 836 2832 atquc
853 2750 1013 2828 Messalae,
1034 2767 1105 2830 qno·

95 2857 159 2898 rum
174 2837 249 2898 alter
261 2852 314 2916 pro
329 2835 455 2912 Aufidia,
472 2837 655 2898 contradixit
670 2837 758 2906 alter;
777 2846 807 2897 et
819 2836 958 2898 Pollionis
972 2845 1001 2895 et
1013 2833 1106 2895 Gassii

97 2940 150 2982 reo
165 2922 330 3001 Asprenate
352 2921 482 3000 aliasque
497 2920 644 3000 plurimas.
682 2920 757 2996 Quin
772 2922 857 2981 etiarn
874 2921 1002 2980 siminus
1017 2925 1149 2999 parestt

97 3005 284 3067 videbuntur:
304 3006 419 3085 aliquae
437 3013 532 3066 tamen
546 3005 583 3066 ad
598 3006 833 3083 cognoscendam
851 3004 942 3067 litium
960 3005 1105 3084 quaestio·
1198 3020 1200 3024 “

96 3106 163 3147 nem
177 3099 259 3151 recte
276 3091 470 3169 requirentur,
486 3099 517 3150 ut
534 3098 635 3150 contra
647 3086 798 3150 Ciceronis
813 3091 960 3150 orationes
975 3086 1106 3149 Tubero-

96 3173 143 3231 nis
162 3173 190 3230 in
204 3171 347 3251 Ligarium
364 3183 393 3233 et
407 3172 554 3235 Hortensii
570 3191 623 3253 pro
639 3172 744 3234 Verre.
780 3173 856 3249 Quin
872 3175 973 3250 etiam,
989 3171 1107 3232 easdem

96 3273 204 3316 causas
219 3265 249 3316 ut
268 3259 389 3337 quisque
405 3259 515 3336 egerit,
536 3257 607 3318 utile
620 3260 674 3319 crit
692 3259 779 3319 scire.
815 3256 887 3318 Nam
906 3256 1043 3317 dedomo
1060 3251 1106 3314 Gi·

98 3340 217 3402 cercnis
235 3341 306 3401 dixit
321 3339 465 3420 Calidius,
488 3351 517 3403 et
531 3359 585 3422 pro
600 3340 708 3403 hlilone
726 3344 886 3403 orationem
903 3340 1007 3400 Brutus
1023 3356 1105 3398 exer·

101 3425 246 3488 citationis
262 3426 356 3510 gratia
371 3426 500 3506 scripsit,
520 3427 631 3488 etiamsi
644 3428 742 3505 egisse
757 3444 821 3487 cunr
836 3423 990 3485 Cornelius
1001 3420 1108 3485 Celsus
