2376 3840
463 182 502 231 1.
512 181 592 230 FAB.
605 181 826 240 contulum

294 335 334 400 ta
347 337 444 399 cerda
458 337 577 414 acopos·
591 337 716 400 matam
726 336 830 416 {mala
845 333 979 412 Catonia

102 461 105 466 -
347 419 470 500 Crispa,
485 417 686 498 luparitanus
700 421 838 482 mator
850 419 1008 482 morsm.

100 505 251 573 aoOdiosa
265 524 349 573 cum
370 522 436 564 nam
451 513 479 563 et
494 502 613 564 cuilibet
624 503 720 566 lacilis
735 513 764 565 et
778 503 837 565 lucc
849 502 992 583 pessima,
1009 504 1089 583 quod
1103 505 1148 566 rel

141 589 288 651 studiosus
303 607 361 650 uon
378 586 469 648 verba
483 586 570 646 rebus
585 585 695 666 aptabit
716 588 769 650 sed
783 605 832 648 res
848 588 1033 648 extrinsecus
1047 606 1146 650 arces·

141 683 204 750 set,
223 673 325 751 quibus
341 673 415 734 haec
429 669 520 731 verba
541 673 722 732 conveniant.

224 755 398 835 Fingere,
422 765 454 816 ut
474 757 566 834 primo
587 755 663 815 libro
679 755 754 831 dixi,
778 755 897 817 Craccis
912 757 1006 834 magis
1023 773 1146 817 conces·

141 859 204 902 sum
219 849 280 917 est,
300 842 349 921 qui
365 841 444 901 sonis
462 840 548 899 etiam
563 838 732 917 quibusdam
747 848 777 898 et
793 839 945 901 affectibus
960 856 1019 900 nou
1035 839 1147 901 dubita·

141 933 244 985 verunt
259 927 372 986 uomina
387 933 504 1003 aptare,
524 940 582 983 uon
597 923 653 984 alia
668 923 803 985 libertate
823 941 907 1002 quam
925 941 983 1003 qua
1002 923 1048 984 illi
1063 926 1147 1004 primi

100 1009 271 1076 31homines
286 1008 375 1070 rebus
391 1006 604 1088 appellationes
619 1007 770 1068 dederuut.
810 1007 910 1068 Nostri
925 1017 1024 1068 autem
1042 1009 1072 1069 in
1085 1010 1147 1069 iun·

140 1093 238 1172 gendo
263 1101 312 1154 sut
331 1095 360 1153 in
380 1093 538 1153 derivando
554 1092 670 1170 paulum
687 1091 794 1170 aliquid
810 1093 873 1153 ausi
887 1088 936 1151 rix
951 1095 980 1151 in
994 1091 1055 1153 lucc
1075 1094 1147 1153 sads

140 1178 333 1322 {lidda
349 1176 434 1321 llll
446 1175 945 1339 tantumtanturn
957 1176 1147 1340 {CCCC

936 1305 945 1336 l

140 1346 276 1407 eliminat
291 1346 320 1404 iu
340 1344 491 1422 tragoedia
506 1343 563 1403 dici
582 1344 770 1421 oportuisset.
814 1342 853 1403 At
867 1353 985 1404 veteres
1000 1361 1038 1404 ne
1054 1362 1144 1423 aapa·

139 1437 240 1491 ctarat
256 1428 371 1506 quidem
391 1429 556 1495 timuerunt;
578 1435 608 1486 et
628 1444 697 1486 sane
719 1427 848 1488 eiusdem
861 1437 948 1488 uotae
971 1437 1018 1487 est
1033 1429 1145 1489 want·

98 1521 213 1578 amat.
252 1512 292 1572 At
313 1514 342 1571 in
364 1520 457 1571 tractu
480 1519 509 1570 et
528 1510 722 1571 declinatione
745 1511 813 1571 talia
835 1520 914 1588 sunt,
944 1510 1042 1590 qualia
1069 1510 1146 1590 apud

141 1594 315 1656 Ciceronem
334 1597 466 1657 beatitas
484 1603 513 1654 et
535 1596 709 1664 dealitad0;
732 1612 806 1674 quae
828 1595 899 1655 dura
922 1595 1037 1675 quidem
1058 1596 1145 1657 sentit

100 1707 106 1719 ¹
141 1698 208 1739 esse
231 1687 425 1739 verumtamen
448 1697 502 1738 usu
528 1686 609 1758 putat
635 1695 725 1757 posse
745 1679 861 1739 molliri.
913 1677 977 1739 Nec
1000 1696 1018 1739 a
1045 1677 1145 1739 verbis

138 1763 225 1823 modo
249 1763 301 1822 sed
322 1762 515 1823 anominibus
532 1780 649 1842 quoque
670 1763 799 1823 derivata
821 1772 885 1823 sunt
902 1761 1061 1842 quaedam,
1083 1770 1145 1822 uta

141 1846 285 1907 Cicerone
302 1847 466 1908 Sullaturit
481 1856 510 1907 et
527 1846 562 1906 alr
579 1847 680 1906 Asinio
696 1846 895 1908 dimitriatam
911 1855 940 1906 et
958 1845 1143 1926 spamam.

96 1929 227 1996 andala
248 1950 285 1990 ex
301 1929 414 1991 Craeco
438 1930 560 1990 formata
581 1947 656 1990 nova
674 1948 709 1990 ac
728 1930 850 2009 plurima
868 1948 885 1990 a
902 1930 1009 2007 Sergio
1029 1927 1143 2005 Flavio,

139 2032 260 2094 quorum
283 2016 353 2075 dura
379 2015 520 2094 quaedam
537 2014 687 2075 admodum
704 2015 854 2089 videntur,
876 2025 907 2074 ut
927 2033 983 2078 sac
998 2025 1028 2075 et
1042 2031 1143 2076 assau-

138 2100 200 2167 tia,·
224 2116 298 2177 quae
322 2117 374 2158 cur
395 2107 548 2176 tantopere
569 2115 756 2176 aspernemur
777 2095 845 2158 nillil
860 2099 965 2175 video,
988 2099 1045 2160 nisi
1066 2097 1145 2177 quod

139 2182 227 2258 iniqui
249 2181 359 2240 iudices
382 2181 522 2241 adversus
546 2198 599 2240 nos
620 2200 717 2240 sumus
734 2180 861 2260 ideoque
885 2191 1058 2262 paupertate
1082 2200 1144 2241 ser·

94 2266 231 2330 samonis
246 2263 420 2324 laboramus.
463 2263 610 2338 Quaedam
625 2273 720 2324 tamen
731 2265 898 2344 perdurant.
934 2264 1008 2327 Nam
1023 2275 1053 2326 et
1068 2282 1145 2345 quae

138 2357 240 2406 vetera
256 2366 329 2407 nuuc
345 2356 426 2424 sunt,
443 2350 558 2408 luerunt
572 2348 641 2408 olim
658 2366 749 2425 nova,
767 2356 796 2408 et
811 2351 951 2428 quaedam
967 2359 1033 2410 sunt
1047 2350 1076 2409 in
1090 2367 1144 2409 usu

138 2449 277 2510 perquam
292 2434 441 2508 recentia,
464 2442 494 2491 ut
509 2430 635 2493 Messala
650 2435 758 2512 primus
772 2442 909 2510 rectam,
932 2434 1145 2496 monetariam

137 2516 287 2592 Augustus
301 2518 408 2595 primus
426 2517 568 2576 dixerunt.
612 2514 779 2578 Piraticam
797 2535 913 2597 quoque
932 2527 964 2576 ut
981 2518 1144 2591 maslaum,

135 2601 290 2680 fads-icam
305 2601 361 2660 dici
377 2599 471 2661 adhuc
487 2600 652 2662 dubitabant
668 2603 729 2660 mei
740 2610 961 2679 praeceptores.
991 2600 1145 2662 Facerem

45 2740 49 2748 .
138 2692 168 2743 ct
182 2685 337 2746 arbanam
348 2681 455 2745 Cicero
470 2700 546 2745 nova
562 2685 664 2745 credit.
703 2683 775 2743 Nam
791 2693 821 2744 ct
835 2687 864 2743 iu
880 2683 1006 2764 epistola
1021 2683 1058 2745 ad
1073 2683 1143 2743 Bru·

137 2776 197 2826 tum
208 2765 303 2844 Eam,
321 2769 427 2846 inquit,
444 2777 717 2839 concrematam,
734 2769 834 2829 atltoc
848 2769 1043 2845 sorbeatur,
1057 2769 1143 2847 fano·

94 2853 229 2911 &ram
217 2871 250 2912 sn
271 2812 431 2912 causitum
446 2852 614 2912 advocabo.
654 2849 692 2910 Et
706 2849 742 2909 ad
757 2849 882 2930 Appium
897 2849 1071 2927 Pulchrum,
1092 2848 1144 2924 Ta,

136 2935 286 2997 docuinam
301 2935 469 2996 nouaclum
481 2937 650 3013 sapientam
662 2953 769 2995 aarum
784 2938 890 3010 mam,
905 2943 939 2996 ut
948 2954 1034 2996 nanc
1047 2935 1140 3013 lapsi·

135 3036 221 3094 mar,
236 3020 399 3079 adanam
434 3017 513 3077 ldem
529 3027 609 3096 putat
626 3036 642 3078 a
661 3017 798 3078 Terentio
814 3020 934 3099 primum
951 3019 1059 3079 dictum
1077 3034 1145 3079 esse

135 3101 329 3180 odaapas'am,
345 3099 491 3160 Caecilius
506 3103 655 3161 asisanua
670 3103 786 3164 albenti
799 3105 892 3168 coelo.
928 3100 1130 3165 Caspiacae
1102 3120 1131 3160 vu

135 3184 220 3246 detur
232 3184 404 3246 Hortensius
423 3187 531 3264 primns
546 3187 673 3261 dixisse,
694 3205 759 3246 uam
778 3197 896 3247 veteres
919 3186 1075 3267 pluraliter
1094 3204 1143 3284 ap·

135 3269 256 3349 pellant.
301 3268 472 3329 Audendum
491 3271 605 3347 itaque;
628 3288 725 3349 neque
745 3272 819 3330 enim
836 3270 946 3331 accedo
963 3269 1073 3346 Celso,
1095 3267 1143 3348 qut

92 3353 174 3416 aaut
189 3363 307 3415 oratore
320 3353 411 3415 verba
424 3354 493 3430 lingi
506 3362 594 3413 vetat.
635 3353 723 3427 Nam,
745 3373 810 3413 cum
831 3357 887 3414 siut
903 3371 1006 3415 eorum
1021 3353 1080 3431 alia
1097 3352 1142 3432 (ut

136 3436 205 3497 dicit
230 3435 354 3517 Cicero)
380 3439 492 3509 nativa,
517 3437 546 3497 id
574 3445 636 3513 est,
661 3455 737 3515 (puae
762 3437 924 3514 significata
954 3448 1023 3498 sunt
1048 3438 1140 3516 prius
