2408 3854
125 175 183 236 102
438 186 799 246 manumissorum

78 342 183 408 muse
204 345 232 403 in
253 343 388 422 personis
409 351 516 403 tantum
539 342 591 401 sed
616 351 644 402 et
665 343 693 401 in
714 340 801 400 rebus
817 351 950 402 versatur
965 341 1038 402 haee
1056 361 1124 403 oon·

120 428 207 488 traria
225 428 349 503 dicendi,
369 444 453 506 quam
469 444 543 504 quae
559 426 682 502 intelligi
696 424 789 500 velis,
808 427 898 499 ratio,
917 435 947 485 ut
963 435 1055 487 totum
1070 446 1124 507 pro

121 510 226 584 Quinto
250 509 366 590 Ligario
395 512 575 590 prooemium
598 517 627 569 et
653 509 722 569 illae
743 508 940 569 elevationes:
966 507 1124 588 Videlicet,

122 593 208 657 Odii
225 597 313 658 daui!

381 678 506 740 Scilicet
520 680 549 738 is
564 679 685 756 superis
698 675 787 738 labor
804 686 857 738 est.

53 838 66 843 ,
76 762 154 828 ertit
169 763 219 823 ille
231 781 285 841 pro
297 762 393 842 Oppio
409 761 508 822 loeus:
528 759 700 823 Oomorem
711 762 839 821 mirum!
856 759 1126 827 Odcuiooleuiiam

116 848 325 927 singularem!
359 846 425 906 Non
446 845 550 924 procul
568 845 672 905 absunt
692 844 727 904 ab
749 843 804 904 hae
819 846 1001 907 simulatione
1016 866 1066 908 res
1083 851 1125 909 in·

119 941 164 991 ter
179 949 212 990 se
228 931 350 1008 similes,
369 930 563 990 confessio
580 929 649 989 nihil
665 931 806 1004 nocitura,
828 931 922 1010 qualis
939 940 999 992 est:
1018 930 1125 995 Habes

116 1018 221 1095 igitur,
238 1015 367 1092 Tubero,
382 1016 465 1093 quod
473 1024 517 1086 est
529 1015 706 1075 accusatori
717 1015 850 1075 maxime
860 1017 1038 1094 optandum,
1051 1035 1125 1079 cou-

117 1099 249 1178 fiteutcm
264 1117 371 1168 t·eum,·
392 1108 421 1158 et
441 1099 664 1173 concessio,
689 1116 752 1157 cum
773 1097 881 1177 aliquid
897 1101 983 1160 etiam
998 1102 1126 1179 iniquum

119 1182 249 1244 videmur
273 1201 381 1244 causae
403 1182 507 1244 inducia
529 1183 603 1262 pati:
627 1180 740 1243 Mutum
760 1184 922 1262 virgarum
942 1185 1126 1247 nauarchus

118 1270 326 1330 nobilissimae
341 1269 473 1330 civitatis
485 1269 586 1345 pratia
599 1268 746 1328 redemit:
764 1266 928 1329 itumuuum
943 1277 1008 1340 est,·
1024 1278 1054 1329 et
1069 1287 1124 1348 pro

119 1350 253 1413 Cluentio
273 1353 310 1412 de
323 1351 443 1412 invidia:
457 1350 677 1414 Domiaeturiu
693 1352 892 1427 cautionibus,
914 1354 1016 1414 iaceat
1029 1355 1061 1414 iu
1075 1357 1125 1415 iu-

119 1436 327 1508 arcitenentis
346 1437 564 1510 consensio,
579 1443 610 1494 ut
628 1453 682 1514 pro
700 1434 814 1511 eodem,
830 1435 964 1497 iudicium
977 1455 1046 1497 esse
1059 1455 1125 1498 eor·

76 1530 240 1599 inruptum.
271 1520 351 1581 llaec
368 1520 530 1580 evidentior
548 1519 639 1597 ligura
657 1529 719 1595 est,
743 1537 806 1580 aum
829 1519 915 1580 alicui
936 1522 980 1580 rei
1001 1525 1111 1583 asseuti

118 1622 196 1680 mur,
224 1623 299 1682 quae
325 1612 370 1664 est
396 1605 489 1664 futura
516 1621 570 1683 pro
595 1601 694 1670 nobls;
721 1621 821 1663 verum
846 1604 874 1664 id
900 1605 1035 1665 accidere
1061 1609 1131 1666 sine

119 1687 278 1748 adversarii
297 1690 367 1749 vitio
384 1705 440 1748 non
456 1697 563 1767 potest.
602 1682 749 1761 Quaedam
770 1689 854 1748 etiam
869 1688 949 1748 velut
964 1689 1124 1766 laudamus,

119 1782 150 1832 ut
181 1770 286 1834 Cicero
314 1774 342 1832 iu
370 1772 494 1833 Verrem
521 1775 598 1833 circa
626 1773 733 1832 crimen
751 1771 903 1850 Apollonii
918 1772 1124 1851 Drepanitani:

118 1857 244 1919 Gaudeo
260 1859 361 1934 edum,
374 1860 402 1918 si
416 1857 492 1936 quid
501 1857 541 1917 ad
553 1875 587 1918 eo
597 1856 759 1931 abstulisti,
772 1864 801 1916 ct
815 1857 872 1918 ads
882 1866 911 1918 te
922 1858 998 1918 uidit
1007 1861 1126 1920 rectius

76 1943 235 2021 bifaciata
250 1961 319 2003 esse
335 1943 414 2004 dico.
451 1941 566 2005 Interim
581 1957 719 2018 augemus
736 1941 868 2016 erimina,
892 1958 966 2019 quae
990 1960 1027 2002 ex
1045 1943 1125 2002 sacili

119 2035 167 2087 aut
182 2025 294 2086 diluere
310 2028 454 2105 possimus
471 2035 518 2086 aut
534 2042 660 2102 negare,
676 2023 754 2102 quod
770 2032 815 2083 est
829 2023 1020 2103 frequentius,
1040 2044 1125 2104 quam

118 2119 148 2169 ut
165 2110 329 2188 exemplum
346 2110 503 2170 desideret.
541 2108 658 2169 lnterim
679 2107 736 2167 hoa
757 2107 823 2186 ipso
845 2107 931 2169 iidem
948 2109 1124 2171 detrahimus

117 2193 188 2270 illis,
202 2194 345 2272 quodsiut
361 2203 416 2254 tam
431 2194 549 2271 gravia,
567 2201 599 2252 ut
616 2209 670 2270 pro
688 2191 797 2252 Roscio
812 2190 930 2270 Cicero,
947 2211 1011 2254 oum
1026 2195 1124 2253 imma·

117 2278 235 2337 nitatem
255 2277 401 2356 parricidii
426 2294 586 2355 quanquam
607 2293 661 2354 per
685 2293 718 2335 se
733 2276 914 2337 manifestam
928 2286 1023 2337 tamen
1038 2279 1124 2338 etlam

117 2362 146 2420 vi
162 2363 300 2421 orationis
317 2371 487 2439 exaggerat.

76 2456 110 2509 54
200 2435 517 2524 ldaouuuiuuauemuam
531 2445 607 2506 idem
620 2442 725 2523 Cicero
745 2445 1000 2522 reticentiam,
1017 2444 1124 2507 Celsus

117 2530 373 2604 obtinentiam,
402 2529 530 2590 nonnulli
558 2530 873 2609 interruptionem
900 2531 1066 2610 appellant,
1094 2540 1124 2590 et

116 2616 180 2692 ipsa
196 2614 322 2675 ostendit
337 2614 444 2694 aliquid
460 2614 582 2675 affectus
597 2614 646 2676 rel
662 2616 739 2675 irae:
758 2623 789 2673 ut

183 2696 265 2771 Quos
280 2719 334 2779 ego
352 2733 394 2742 —
409 2701 467 2760 sed
480 2708 574 2763 matos
587 2708 729 2778 praestat
747 2717 928 2780 componere
940 2696 1077 2778 fluctus,-

117 2781 165 2842 vel
174 2782 375 2844 sollicitudinis
388 2793 417 2844 et
428 2786 511 2863 quasi
524 2783 692 2862 religionis:
707 2779 757 2843 Au
767 2782 859 2845 liuius
868 2785 921 2848 ille
931 2786 1018 2864 iugis,
1031 2801 1125 2864 quam

118 2862 244 2928 Clodius
260 2887 280 2928 a
300 2887 334 2928 se
348 2870 501 2930 incautam
521 2869 689 2947 adoriatur,
710 2869 886 2933 mentionem
902 2869 1013 2948 faeere
1028 2887 1126 2931 ausus

116 2953 278 3014 assetoiao
292 2948 421 3028 dlilaue,
445 2970 506 3013 aaa
529 2953 633 3015 dicum
655 2952 800 3016 causale?
823 2954 1021 3015 danastrum
1044 2956 1124 3016 mim

116 3035 248 3096 ommium
261 3071 303 3079 —
316 3055 376 3098 uou
393 3037 494 3098 audeo
508 3044 600 3098 totum
622 3038 747 3106 dicere,·
771 3039 817 3098 uui
835 3037 929 3099 simile
950 3046 996 3097 est
1011 3038 1040 3097 in
1055 3054 1123 3117 pro-

75 3122 213 3182 ttoemio
235 3136 289 3198 pro
310 3117 500 3198 Ctesiphonte
531 3118 746 3183 Demosthenis.
790 3119 847 3181 Vel
873 3120 930 3183 alio
956 3122 1124 3182 transeundi

117 3206 225 3282 gratia:
243 3202 397 3266 Cominius
412 3211 513 3266 autem
528 3239 571 3249 —-
584 3208 705 3268 tametsi
723 3207 870 3284 ignoscite
885 3206 973 3281 milri,
989 3206 1123 3267 iudices.

117 3287 148 3347 ln
165 3305 222 3368 quo
236 3297 281 3349 est
297 3298 326 3347 et
342 3286 391 3349 illa
408 3288 454 3365 (si
475 3297 570 3348 tamen
591 3290 666 3351 inter
693 3290 841 3351 schemata
852 3290 1007 3349 ‘numerari
1023 3288 1121 3364 debet,

119 3390 183 3432 cum
199 3371 262 3432 aliis
278 3374 362 3432 etiam
377 3390 444 3451 pars
462 3391 568 3436 causae
583 3374 730 3454 videatur)
748 3374 955 3451 digressio:
972 3373 1031 3433 obit
1048 3375 1122 3433 euim

118 3473 204 3516 eausa
222 3459 250 3516 in
268 3455 369 3517 laudes
386 3454 438 3516 Gn.
460 3456 598 3537 Pompeii.
629 3458 720 3536 quue
737 3458 799 3519 lieri
816 3458 900 3519 etiam
915 3459 979 3518 sine
994 3448 1121 3520 dumta-
