2408 3854
432 440 718 506 LIBERXII.

72 571 149 622 Libro
169 572 320 622 duodecimo
338 571 402 621 haec
421 575 592 623 eontinentur:
619 573 788 625 Prooemium.
824 570 879 621 Non
900 587 977 636 posse
995 585 1079 624 orato-

106 656 160 691 rem
178 656 235 691 esse
253 642 304 690 nisi
320 641 404 690 virum
422 641 525 692 bonum.
560 641 744 709 cognoscenda
762 641 864 698 oratori,
882 641 974 703 quibus
994 655 1099 694 mores·

107 709 258 759 formantur.
292 709 468 759 Necessariam
487 711 550 759 iuris
565 711 648 761 civilis
666 710 760 759 oratori
777 709 919 758 seientiam.
956 711 1018 758 Item
1037 709 1078 759 hi-

107 779 251 827 storiarum.
289 776 359 836 Qnae
376 779 426 826 sint
442 780 504 829 artis
525 780 649 830 oratoriae
667 779 843 830 instrumenta.
878 775 951 836 Quod
964 779 997 827 sit
1014 779 1077 827 inci-

107 847 195 911 piendi
213 860 304 896 cauma
322 861 399 910 agere
416 856 526 912 tempus.
565 846 635 906 Quae
648 848 674 896 in
693 845 863 910 suscipiendis
881 847 965 896 causis
983 849 1077 899 oratori

107 915 264 965 observanda
282 915 342 966 sint.
371 913 440 973 Quae
458 917 484 965 in
504 916 641 968 discendis.
665 914 735 973 Quae
748 917 774 964 in
793 914 910 980 agendis.
936 915 972 964 De
984 930 1077 982 genere

109 984 219 1036 dicendi.
259 982 328 1040 Quae
346 992 405 1047 post
422 983 498 1034 finem
516 985 611 1037 studia.

473 1119 672 1170 PROOEMIUM.

75 1225 198 1308 lelium
219 1254 264 1304 est
286 1244 322 1304 ad
343 1254 456 1322 partem
479 1246 579 1324 operis
601 1239 734 1305 destinati
756 1244 845 1321 longe
867 1243 1077 1320 gravissimam.

75 1326 163 1388 cutus
180 1328 315 1406 equidem
334 1345 407 1388 onus
423 1330 448 1388 si
469 1338 575 1389 tantum
592 1330 728 1407 opinione
744 1329 835 1406 prima
852 1328 1010 1405 concipere
1026 1343 1079 1404 po·

75 1412 212 1486 tuissem,
230 1419 335 1490 quanto
351 1430 397 1472 me
414 1414 506 1490 premi
522 1412 621 1472 ferens
636 1415 746 1473 sentio:
764 1413 902 1473 maturius
918 1409 1080 1470 consuluis-

76 1510 139 1554 sem
155 1495 234 1554 vires
249 1512 338 1554 meas.
372 1495 431 1556 Sed
447 1497 527 1559 initio
548 1495 642 1576 pudor
657 1495 823 1571 omittendi,
847 1512 922 1574 quae
937 1496 1080 1573 promise·

75 1596 146 1653 ram,
163 1579 267 1646 tenuit;
286 1595 364 1654 mox,
382 1596 543 1657 quanquam
559 1597 613 1658 per
628 1579 756 1658 singulas
771 1596 865 1657 prope
882 1587 980 1657 partes
996 1578 1081 1639 labor

77 1670 243 1738 cresceret,
260 1680 297 1723 ne
314 1663 485 1739 perderem,
505 1680 579 1742 quae
594 1664 649 1723 iam
667 1663 772 1725 effecta
791 1670 888 1736 erant,
907 1680 960 1738 per
977 1678 1079 1720 omnes

77 1745 262 1805 difficultates
281 1745 374 1806 animo
389 1764 435 1806 me
451 1747 621 1806 sustentari.
657 1745 754 1821 Quare
770 1763 846 1805 nune
861 1761 995 1823 quoque,
1012 1744 1107 1809 licata

77 1830 168 1888 maior
184 1846 269 1906 quam
283 1847 407 1908 unquam
423 1828 517 1889 moles
533 1838 661 1907 premat,
678 1839 774 1893 tamen
788 1828 978 1906 prospicienti
994 1827 1080 1886 linem

77 1912 145 1971 mihi
174 1913 359 1973 constitutum
383 1922 428 1973 est
447 1913 496 1972 vel
520 1913 649 1978 delicere
674 1913 770 1992 potius
797 1928 882 1990 quam
908 1910 1079 1989 desperare.

78 1995 196 2057 Felellit
211 2005 321 2071 autem,
337 1996 415 2075 quod
431 1998 539 2057 initium
556 2015 573 2057 a
587 1997 685 2074 parvis
702 2012 882 2074 ceperamus.
913 1993 985 2063 blox
1001 1993 1081 2054 velut

78 2097 148 2140 aura
170 2079 345 2141 sollicitante
369 2083 503 2158 provecti
525 2080 656 2158 longius,
683 2079 749 2140 dum
773 2089 868 2144 tamen
889 2088 957 2139 nota
976 2077 1028 2139 illa
1053 2087 1082 2136 et

78 2164 228 2243 plerisque
251 2165 351 2223 artium
371 2164 563 2242 scriptoribus
585 2173 705 2232 tractata
727 2165 938 2243 praecipimus,
960 2180 1016 2223 nec
1032 2160 1080 2235 ad·

78 2247 134 2307 buc
149 2246 261 2313 alitore
275 2247 379 2325 procul
393 2248 564 2318 videbamur
579 2258 608 2309 et
619 2248 725 2310 multos
744 2249 822 2308 circa
837 2247 918 2316 velut
933 2246 1035 2307 iisdem
1046 2263 1080 2305 se

77 2333 172 2390 ventis
190 2331 313 2411 eredere
329 2349 416 2392 ausos
433 2332 621 2395 habebamus.
654 2331 713 2393 lam
735 2350 799 2397 cum
820 2330 976 2410 eloquendi
992 2330 1109 2393 ratio-3

78 2432 144 2473 nem
163 2416 320 2476 novissime
343 2426 489 2494 repertam
507 2416 746 2495 paucissimisque
770 2423 935 2492 temptatam
955 2415 1082 2490 ingressi

79 2515 193 2556 sumus:
218 2516 318 2574 rarus,
341 2501 390 2577 qui
405 2509 462 2559 tam
477 2498 581 2578 procul
598 2517 615 2560 a
630 2507 715 2576 portu
730 2497 923 2572 recessisset,
950 2497 1081 2573 reperie-

79 2579 172 2639 batur.
200 2580 356 2658 Postquam
370 2600 443 2642 vero
460 2581 543 2647 nobis
557 2582 620 2659 ille,
637 2599 722 2660 quem
736 2579 965 2654 instituebamus,
983 2588 1082 2638 orator

79 2682 95 2724 a
116 2663 231 2724 dicendi
251 2666 395 2742 magistris
418 2666 551 2731 dimissus
571 2675 619 2727 aut
633 2681 686 2724 suo
706 2665 763 2729 iam
777 2665 886 2742 impetn
902 2663 1009 2739 fertur,
1034 2671 1082 2722 aut

78 2749 187 2815 maiora
212 2748 266 2809 sibi
292 2749 397 2809 auxilia
420 2767 466 2809 ex·
484 2750 555 2828 ipsis
580 2746 741 2826 sapientiae
767 2746 966 2828 penetralibus
991 2747 1081 2826 petit:

79 2849 163 2910 quarn
181 2834 209 2891 in
226 2832 313 2893 altum
328 2833 415 2892 simus
432 2833 532 2910 ablati,
547 2834 657 2894 sentire
676 2834 836 2910 coepimus.
866 2829 950 2891 Nune
968 2831 1109 2900 coaluere

79 2916 214 2994 undique
235 2925 264 2978 et
286 2912 422 2996 undique
440 2925 563 2996 pontus.
598 2914 691 2977 Unum
713 2915 800 2977 modo
824 2916 852 2976 iu
872 2915 923 2978 illa
945 2917 1082 2976 immensa

79 3001 212 3059 vastitate
230 3018 352 3060 cernere
366 3001 497 3061 videmur
510 2999 549 3062 bl.
567 2999 707 3076 Tullium,
719 3001 768 3078 qui
784 3009 878 3060 tamen
892 3000 967 3079 ipse,
984 3017 1081 3078 quam-

79 3084 123 3139 vis
136 3091 213 3143 tanta
226 3093 311 3160 atque
327 3085 365 3143 ita
381 3085 520 3145 instructa
535 3102 609 3145 nave
624 3083 683 3144 boc
696 3102 774 3147 mare
790 3085 951 3162 ingressus,
968 3091 1081 3143 contra·

79 3164 121 3224 hit
134 3165 201 3225 vela
216 3166 382 3245 inhibetque
399 3178 543 3234 remoset
561 3169 598 3230 de
615 3168 680 3246 ipso
699 3168 813 3229 demum
827 3185 939 3248 genere
955 3165 1080 3239 decadi,

81 3265 138 3326 quo
156 3249 193 3307 sit
209 3268 313 3310 usurus
332 3251 483 3329 perlectus
499 3263 614 3330 orator,
639 3253 709 3313 satis
726 3251 816 3312 babet
833 3250 942 3311 dicere.
974 3248 1013 3308 At
1030 3265 1080 3307 no·

9 3387 11 3390 .
80 3342 138 3393 stra
158 3335 304 3394 temeritas
329 3336 414 3396 etiam
436 3352 534 3397 mores
559 3338 587 3397 ei
605 3334 756 3397 conabitur
779 3334 848 3394 dare
873 3342 902 3394 et
923 3327 1087 3408 assignabit
