2408 3854
150 194 191 259 80
473 202 834 262 rr.nss.onrnn1nrnn1

148 364 315 426 moriantur.
342 361 399 420 Vix
409 359 469 436 illa,
487 377 561 438 quae
572 353 753 437 πεποιημένα
763 365 879 434 nonant,
897 375 971 436 quae
983 377 1022 419 ex
1033 358 1154 423 vocibus

150 449 178 508 in
195 466 276 508 usum
291 445 420 524 receptis
436 459 609 522 quocunque
625 440 711 502 modo
727 440 922 518 declinantur,
938 443 1023 503 nobis
1039 445 1155 523 permit·

149 533 250 608 timus,
268 528 363 609 qualia
379 536 443 587 sunt
453 525 616 589 Sullotnrit
627 534 656 585 et
665 526 907 605 proscripturi&
925 537 1011 606 atque
1023 529 1156 591 nareae

53 644 56 651 ·
109 623 252 695 otposteo
268 629 322 691 pro
338 611 390 672 illo
405 614 495 673 locro
511 611 664 687 coronati,
682 627 719 668 ex
734 610 835 670 eadem
856 609 972 671 fictione
988 619 1064 671 sunt.
1099 611 1156 673 Sed

123 699 208 759 *hoc
231 696 358 757 feliciter
381 694 501 763 evaluit;
534 703 562 755 at
587 703 686 754 contra
707 694 755 755 cio
776 709 830 773 pro
851 712 900 769 co,
926 694 1084 755 infelicius.
1125 695 1156 756 ln

152 781 271 843 Graecis
286 770 579 850 ὀπισθενακόλουθος
593 794 651 837 non
663 777 739 837 bene
756 795 791 837 ac
808 778 879 838 dure
894 779 1003 839 etiam
993 795 1155 857 rungemus,

151 867 199 943 qui
215 864 374 924 toleranter
389 863 490 923 videre
505 862 724 962 septentriones
740 862 878 921 videmur.

110 960 144 1016 34
234 945 279 1007 llo
301 949 392 1024 magis
418 947 585 1007 necessaria
608 940 856 1025 κατάχρησις,
885 963 969 1024 quam
983 956 1067 1007 recte
1088 947 1155 1007 dioi-

151 1050 212 1091 mus
231 1031 467 1107 abusionem,
486 1048 561 1109 quae
576 1046 633 1089 non
647 1029 818 1089 habentibus
830 1045 934 1099 nomen
949 1045 1031 1090 suum
1043 1047 1155 1091 aeeon·

151 1116 263 1191 modat,
289 1115 389 1192 quod
380 1133 409 1174 ιιι
424 1116 556 1194 proximo
575 1123 634 1174 est:
658 1115 701 1173 sic

275 1232 318 1246 -—
339 1195 460 1277 Equum
477 1200 583 1260 dimna
598 1195 737 1259 Palladis
752 1203 820 1258 orto
833 1195 1019 1276 Aedificant,

111 1295 144 1350 to
153 1293 181 1344 et
196 1281 272 1364 apud
285 1281 427 1360 Tragicos
442 1281 559 1343 Etiam
574 1285 621 1344 teo
632 1283 756 1360 portet·
771 1289 799 1341 at
814 1289 898 1360 pater
913 1290 967 1341 est.
999 1279 1083 1343 ttrite
1095 1289 1157 1342 sunt

152 1369 242 1428 haec:
262 1376 290 1426 et
305 1367 470 1428 noetobnlo
485 1365 621 1445 quidquid
632 1364 754 1441 habent,
772 1373 800 1424 et
809 1365 945 1445 pyxides
960 1367 1164 1445 cuiuscunque·

152 1451 290 1512 materiae
312 1458 391 1525 sunt,
411 1458 439 1510 et
451 1452 619 1529 parricida
640 1451 738 1509 matris
755 1466 872 1528 quoque
889 1458 937 1509 ant
952 1449 1049 1510 fratris
1070 1449 1156 1510 inter·

153 1536 257 1594 lector.
282 1533 569 1613 Discernendumque
586 1542 630 1593 est
645 1533 702 1592 hoc
716 1536 806 1594 totuin
821 1533 1038 1594 atranslatione
1053 1550 1156 1611 genus,

153 1618 219 1696 quia
237 1617 338 1677 abusio
355 1626 419 1694 est,
441 1618 488 1678 ubi
504 1635 608 1678 nomen
624 1617 729 1686 detuit;
752 1617 919 1693 translatio,
936 1617 984 1678 ubi
1001 1615 1080 1677 aliud
1095 1616 1155 1677 init.

153 1701 224 1761 Nam
241 1710 347 1780 poetae
363 1701 459 1762 solent
475 1702 594 1762 abusive
608 1702 711 1762 etiam
704 1720 731 1761 ιιι
746 1701 790 1761 his
802 1701 907 1777 rebus,
924 1701 1028 1781 quibus
1044 1703 1156 1761 nomina

111 1794 145 1850 36
154 1803 205 1845 sua
223 1794 305 1861 sunt,
328 1785 430 1846 vicinis
455 1789 550 1886 potius
567 1787 621 1854 uti;
643 1786 720 1865 qnod
742 1804 836 1846 rarum
858 1786 887 1844 in
901 1801 990 1864 prosa
1005 1794 1060 1846 est.
1106 1783 1156 1845 llta

154 1886 272 1949 qnoque
287 1870 401 1948 quidam
417 1887 607 1953 καταχρησιις
621 1870 721 1930 volunt
739 1887 823 1946 esse,
843 1887 907 1929 curn
926 1887 980 1947 pro
996 1868 1156 1929 temeritate

152 1955 252 2015 oirtnc
267 1963 315 2014 aut
331 1970 384 2033 pro
401 1954 512 2015 luxuria
527 1955 699 2016 liberalitas
712 1954 824 2014 dicitnr.
866 1952 893 2013 A
910 1954 1012 2032 quibus
1025 1968 1084 2032 ego
1097 1952 1154 2033 qni·

154 2038 219 2098 dern
235 2037 390 2107 dissentio:
413 2057 535 2117 namque
552 2039 581 2097 in
595 2038 639 2098 bis
655 2056 712 2101 non
729 2038 849 2098 verbum
865 2054 918 2114 pro
934 2036 1027 2098 verbo
1042 2036 1157 2116 ponitnr

102 2149 105 2153 ⁴
154 2121 206 2180 sed
228 2139 276 2180 res
300 2139 352 2200 pro
377 2139 419 2180 re.
468 2122 571 2201 Neque
595 2123 669 2181 eninr
695 2125 845 2201 qnisquam
866 2131 945 2200 putat
965 2121 1107 2182 luxuriam
1130 2128 1158 2188 et

153 2203 354 2266 liberalitatem
370 2206 445 2266 idern
457 2206 636 2284 significare;
652 2224 752 2265 verum
763 2205 808 2283 id,
825 2203 903 2285 quod
918 2206 971 2282 sit,
986 2206 1061 2266 alius
1076 2202 1156 2264 luxu·

153 2289 223 2347 riam
239 2305 306 2346 esse
323 2287 391 2348 dicit
403 2289 475 2350 alins
494 2289 712 2367 liberalitatem,
729 2291 858 2370 quamvis
873 2291 966 2350 nentri
979 2286 1096 2349 dubium
1111 2289 1156 2360 sit,

153 2372 227 2431 haec
242 2388 309 2430 esse
325 2371 448 2433 diversa.

112 2462 145 2519 at
237 2455 378 2534 Superest
395 2475 432 2518 ex
447 2457 507 2534 bis,
533 2476 608 2538 qnae
629 2458 714 2519 aliter
733 2457 913 2536 significant,
931 2448 1157 2535 μετάληψις,
1190 2491 1193 2495 -

153 2540 181 2600 id
204 2549 248 2599 est
268 2542 472 2641 transumptio,
500 2559 574 2620 qnae
596 2560 634 2602 ex
654 2543 712 2603 alio
734 2551 819 2621 tropo
837 2543 865 2601 in
883 2540 968 2600 alium
988 2539 1069 2600 'velut
1083 2541 1157 2599 riam

154 2632 297 2702 praestat;
324 2634 352 2685 et
371 2627 532 2686 rarissimus
555 2635 584 2686 et
598 2627 720 2686 maxime
736 2624 910 2705 improprius
926 2623 1047 2685 Graecis
1064 2632 1157 2684 tamen

154 2709 352 2806 frequentior,
369 2712 417 2788 qni
433 2708 619 2773 Centaurum
638 2707 763 2770 Chirona
779 2719 808 2768 et
823 2724 957 2770 cecoton
971 2709 1092 2771 insutos
1108 2700 1156 2785 νή·

155 2807 223 2861 cong
237 2781 315 2862 θοὰς
330 2792 434 2853 dicunt.
479 2793 540 2853 Nos
558 2795 621 2872 quis
637 2793 727 2870 terat,
749 2812 773 2852 sr
767 2793 908 2853 Verrem
925 2811 1010 2854 onem
1023 2799 1072 2852 aut
1087 2790 1157 2852 Lae·

112 2876 220 2938 ostium
243 2874 313 2935 doc
302 2883 364 2936 nm
386 2879 585 2937 nominemus?
628 2874 681 2936 Est
707 2879 781 2937 enim
795 2877 898 2937 haec
890 2893 919 2936 ιιι
933 2875 1088 2955 metalepsi
1110 2892 1156 2934 na·

154 2968 233 3032 tura,
254 2965 282 3015 ut
294 2959 368 3018 inter
378 2961 422 3036 id,
442 2962 519 3038 quod
534 2960 720 3038 transfertur,
737 2963 774 3020 sit
789 2961 898 3021 medius
911 2961 1024 3039 quidam
1038 2958 1157 3038 gradus,

154 3040 224 3102 nihil
247 3042 311 3119 ipse
332 3044 498 3120 significans
514 3042 567 3104 sed
584 3045 727 3124 praebens
748 3047 909 3113 transitum
938 3061 1023 3123 quem
1044 3052 1158 3121 tropum

153 3131 245 3206 magis
272 3129 455 3203 attentamus,
478 3136 508 3186 ut
531 3127 640 3188 babere
661 3129 823 3205 videamur,
847 3145 942 3207 quam
939 3127 1045 3188 ullo
1035 3145 1065 3187 ιιι
1089 3126 1157 3186 loeo

154 3211 360 3273 desideramus.
405 3210 477 3270 Nam
502 3211 529 3271 id
551 3213 612 3273 eius
634 3211 896 3291 frequentissimum
922 3210 1089 3290 exemplum
1115 3217 1158 3270 est

129 3290 253 3373 *cano,
277 3304 382 3372 conto,
404 3296 492 3366 unco,-
515 3296 553 3356 ita
569 3315 663 3374 cono,
682 3297 761 3358 dico.
803 3295 930 3356 Interest
948 3294 1073 3356 medium
1088 3291 1158 3354 illud

113 3385 251 3442 dicento.
293 3379 356 3440 Nec
374 3380 501 3440 diutius
493 3398 521 3439 ιιι
537 3396 573 3440 eo
591 3381 773 3449 morandnm;
796 3379 863 3440 nihil
881 3380 956 3440 eninr
973 3397 1043 3440 usus
1060 3377 1157 3439 admo·

155 3462 220 3535 dum
234 3463 363 3525 video
335 3465 405 3541 nrsi,
428 3472 458 3524 ut
472 3463 581 3540 dixi,
572 3482 601 3524 ιιι
616 3464 726 3524 mediis.

67 3586 205 3636 A
