2408 3854
138 189 196 253 188
445 205 481 251 n.
504 203 583 251 nnn.
606 203 826 262 ourunmrnur

136 368 267 440 quartam
292 358 467 419 elocutionis
488 355 595 418 Cicero
622 356 818 433 demonstrat,
848 375 982 438 quaeque
1006 366 1051 418 est
1074 375 1145 419 meo

107 443 254 524 tquidem
281 442 386 503 iudicio
410 442 534 504 maxime
557 442 734 500 necessaria.
768 439 840 500 Nam
869 459 934 501 cum
959 441 997 500 sit
1022 450 1145 503 ornatus

136 527 275 588 orationis
301 527 397 586 varius
425 534 454 584 et
479 524 630 604 multiplex
655 525 867 603 conveniatque
891 525 964 586 alius
990 523 1058 585 alii:
1085 525 1143 584 nisi

15 634 21 644 ·
135 610 222 672 buerit
245 608 481 671 accommodatus
502 608 592 669 rebus
612 617 698 687 atque
721 608 871 686 personis,
894 625 951 668 non
975 608 1061 669 modo
1082 626 1142 668 non

136 693 290 755 illustrabit
306 711 370 754 eam
382 692 435 752 sed
450 694 535 753 etiam
551 692 681 753 destruet
696 701 725 752 et
741 694 796 752 vim
812 710 908 752 rerum
921 694 949 752 in
966 694 1145 753 contrarium

134 787 240 838 vertet.
274 775 349 850 Quid
365 778 440 836 enim
456 776 594 857 prodest,
618 794 686 836 esse
709 776 799 837 verba
823 785 853 836 et
867 775 966 837 Latina
985 786 1014 838 et
1029 776 1139 855 signill-

136 863 240 935 cantia,
258 878 325 921 esse
342 870 371 922 et
384 860 474 921 nitida
489 861 588 938 liguris
604 861 690 920 etiam
705 862 890 941 numerisque
907 859 1069 937 elaborata,
1085 861 1145 920 uisi

136 964 200 1007 cum
217 946 268 1022 iis,
291 947 320 1005 in
335 963 410 1026 quae
426 945 550 1005 iudicem
567 943 632 1004 duci
648 943 824 1023 formarique
840 944 989 1022 volumus,
1015 961 1142 1004 consen·

107 1030 220 1095 atiant:
255 1030 279 1089 si
302 1048 396 1108 genus
419 1028 542 1088 sublime
563 1027 678 1088 dicendi
705 1031 803 1106 parvis
827 1029 855 1088 in
881 1030 991 1105 causis,
1019 1026 1141 1108 parvum

135 1114 320 1194 limatumque
335 1111 508 1191 grandibus,
525 1111 632 1172 laetum
647 1110 791 1188 tristibus,
808 1111 875 1173 lene
896 1114 1025 1191 asperis,
1042 1113 1140 1174 minax

135 1197 330 1275 supplicibus,
355 1198 535 1257 summissum
552 1196 719 1271 concitatis,
736 1205 803 1255 trux
818 1206 904 1276 atque
922 1195 1084 1257 violentum¹
1097 1198 1142 1255 iu·

136 1281 236 1341 cundia
263 1278 471 1341 adhibeamus?
504 1279 542 1340 Ut
567 1279 720 1340 monilibus
749 1288 778 1340 et
804 1280 968 1358 margaritis
993 1297 1028 1341 ac
1054 1288 1143 1340 veste

135 1364 237 1441 longa,
265 1382 340 1444 quae
365 1372 429 1424 sunt
451 1371 617 1424 ornamenta
638 1363 823 1440 seminarum,
849 1364 1047 1425 deformentur
1067 1364 1146 1432 viri;v

134 1466 190 1507 nec
204 1447 317 1507 babitus
333 1447 521 1526 triumphalis,
539 1465 597 1528 quo
612 1447 682 1508 nihil
694 1449 857 1526 excogitari
870 1457 966 1526 potest
977 1448 1139 1525 augustius,

107 1532 257 1591 tieminas
280 1530 394 1590 deceat.
425 1530 519 1591 Hunc·
533 1531 629 1591 locum
651 1528 758 1592 Cicero
784 1532 913 1592 breviter
935 1534 963 1591 in
987 1530 1074 1592 tertio
1101 1530 1140 1591 de

136 1613 259 1674 Oratore
282 1614 358 1674 libro
384 1616 567 1696 perstringit,
593 1633 690 1697 neque
711 1625 807 1676 tamen
827 1615 920 1676 videri
941 1623 1041 1695 potest
1056 1614 1139 1693 qnid·

136 1716 220 1778 quam
236 1699 370 1759 omisisse
395 1699 538 1777 dicendo,
559 1719 619 1762 aon
642 1702 724 1761 omni
751 1718 868 1762 cousus
886 1716 986 1778 oeque
1002 1699 1141 1760 auditori

135 1798 233 1860 neque
249 1801 404 1862 personae
423 1801 521 1864 oeque
540 1786 671 1864 tempori
690 1802 860 1864 conprecare
879 1785 1030 1845 orationis
1044 1801 1140 1844 onom

133 1886 240 1945 penus.
272 1864 337 1927 Nec
357 1868 421 1929 lere
448 1868 578 1948 pluribus
605 1870 633 1927 in
654 1866 778 1928 Oratore
805 1867 915 1927 eadem.
947 1867 1007 1928 Sed
1029 1866 1090 1927 illic
1106 1864 1138 1924 L.

136 1947 277 2028 Crassus,
302 1969 367 2018 cum
389 1953 464 2031 apud
481 1968 607 2012 summos
623 1960 756 2013 oratores
771 1951 961 2032 hominesque
979 1950 1138 2011 cruditissi-

136 2052 198 2094 mos
214 2034 301 2112 dicat,
318 2037 388 2095 satis
403 2035 508 2112 habet,
528 2045 639 2115 partem
654 2036 729 2097 hanc
743 2035 824 2096 velut
838 2044 940 2096 notare
956 2037 1030 2094 inter
1048 2050 1140 2111 agno·

107 2127 268 2187 nocentem
293 2128 323 2179 et
343 2119 390 2178 hic
413 2117 519 2180 Cicero
540 2119 693 2199 alloquens
708 2119 824 2179 Brutum
841 2127 964 2180 testatur
979 2136 1048 2178 esse
1064 2117 1140 2178 haec

137 2205 164 2262 ei
180 2211 247 2263 nota
268 2203 394 2282 ideoque
411 2203 528 2262 brevius
543 2221 559 2263 a
576 2222 610 2263 se
627 2204 699 2280 dici,
727 2222 888 2283 quanquam
906 2204 942 2263 sit
957 2202 1038 2263 lusus
1054 2201 1138 2262 locus

136 2294 332 2364 tracteturque
348 2304 364 2345 a
380 2285 562 2365 philosophis
578 2288 672 2348 latius.
706 2287 767 2347 Nos
789 2289 995 2348 institutionem
1010 2286 1140 2365 proiessi

137 2386 194 2428 non
220 2368 312 2428 solum
339 2369 498 2429 scientibus
522 2371 576 2431 ista
599 2371 653 2431 sed
680 2373 765 2431 etiam
788 2371 967 2444 discentibus
988 2371 1138 2446 tradimus,

135 2453 262 2532 ideoque
281 2452 368 2531 paulo
388 2453 518 2532 pluribus
535 2454 633 2515 verbis
650 2455 740 2516 debet
757 2454 859 2516 baberi
875 2456 970 2515 venia.

108 2542 125 2596 6
222 2535 318 2610 Quare
341 2546 438 2597 notum
460 2538 497 2598 sit
512 2537 603 2598 'nobis
624 2549 690 2600 ante
713 2541 823 2615 omnia,
851 2539 918 2619 quid
942 2538 1139 2614 conciliando,

125 2618 287 2698 docendo,
303 2622 448 2683 movendo
463 2622 549 2683 iudici
566 2624 734 2692 conveniam
758 2623 825 2703 quid
842 2638 956 2703 quaque
973 2631 1058 2702 parte
1074 2639 1134 2682 ora·

136 2706 223 2764 tionis
249 2714 390 2785 petamus.
432 2703 474 2767 Ita
505 2724 601 2786 neque
628 2715 728 2767 vetera
760 2716 808 2767 aut
835 2707 974 2768 translata
1000 2711 1052 2767 aut'
1072 2705 1136 2766 licto

136 2788 227 2849 verba
254 2790 282 2848 in
308 2790 490 2869 incipiendo,
517 2791 676 2866 narrando,
705 2791 930 2866 argumentando
952 2788 1139 2850 tractabimus

136 2889 232 2950 neque
253 2871 443 2934 decurrentes
466 2883 604 2934 contexto
625 2876 718 2935 nitore
740 2875 892 2951 circuitus,
913 2872 962 2933 ubi
985 2873 1139 2934 dividenda

137 2956 192 3014 erit
213 2973 299 3016 causa
316 2966 345 3016 et
360 2958 388 3016 in
410 2966 508 3036 partes
526 2975 593 3017 suas
611 2957 787 3036 digerenda,
812 2976 908 3038 neque
926 2956 1033 3018 humile
1052 2966 1140 3036 atque

138 3038 311 3100 cotidianum
333 3043 477 3101 sermonis
498 3059 592 3119 genus
616 3052 645 3102 et
660 3043 874 3120 compositione
889 3043 953 3120 ipsa
968 3039 1140 3102 dissolutum

137 3121 264 3201 epilogis
285 3122 413 3185 dabimus
434 3143 491 3185 nec
512 3126 585 3186 iocis
607 3126 755 3202 lacrimas,
782 3126 830 3186 ubi
855 3143 929 3204 opus
948 3127 1003 3185 erit
1018 3124 1139 3184 misera·

109 3207 225 3283 itione,
241 3207 425 3269 siccabimus.
450 3206 522 3270 Nam
539 3219 656 3270 ornatus
672 3210 765 3270 omnis
780 3225 837 3269 non
853 3218 909 3269 tam
920 3227 972 3269 sua
988 3226 1073 3289 quam
1084 3208 1139 3283 rei,

138 3292 183 3351 cui
198 3290 361 3369 adhibetur,
378 3293 550 3372 condicione
566 3302 692 3364 constat;
708 3311 765 3354 nec
780 3293 846 3371 plus
858 3294 961 3369 refert,
980 3292 1048 3373 quid
1060 3291 1140 3353 dicas

136 3393 221 3454 quam
236 3391 294 3456 quo
309 3376 388 3437 loco.
421 3377 481 3438 Sed
495 3387 585 3439 totum
602 3377 660 3439 boc
674 3387 742 3457 apte
764 3377 864 3438 dicere
885 3393 943 3436 non
965 3374 1140 3438 elocutionis

61 3465 365 3632 Honore
378 3469 491 3523 constat
503 3461 556 3522 sed
571 3470 617 3522 est
630 3480 693 3523 cum
705 3462 873 3524 inventione
886 3477 1047 3522 commune.
1069 3457 1140 3519 Nam
