2408 3854
128 187 188 252 134
443 194 807 255 u.rnn.ourun1nrau1
908 179 916 196 ³

124 353 264 432 rhythmis
282 354 375 416 libera
389 354 500 434 spatia,
516 354 615 414 metris
633 349 710 411 linita
726 359 807 420 sunt;
832 358 862 411 et
876 351 921 412 his
937 357 1037 411 certae
1056 347 1134 413 clau·

125 440 223 514 sulae,
241 438 300 516 illi,
317 439 462 519 quomodo
476 445 653 516 coeperant,
674 444 791 495 currunt
802 453 895 515 usque
907 433 944 497 ad
959 428 1135 514 μεταβολήν,

125 524 154 583 id
176 533 222 584 est
240 526 388 584 transitum
403 525 432 582 in
450 521 528 585 aliud
543 539 637 603 genus
653 519 793 598 rhythmi;
817 529 847 580 et
869 517 948 600 quod
967 527 1089 580 metrum
1107 520 1136 580 in

82 607 220 671 otverbis
240 608 343 684 modo,
362 606 510 683 rhythmus
529 608 616 669 etiarn
637 607 666 665 in
686 609 820 686 corporis
842 617 921 668 motu
937 617 992 668 est.
1037 607 1135 670 luania

125 710 242 772 quoque
258 701 391 771 tempora
407 690 531 768 rhythmi
553 689 668 759 facilius
686 691 848 770 accipient,
872 709 1035 771 quanquam
1057 690 1135 754 haec

124 779 203 838 etin
225 777 325 836 metris
351 777 494 836 accidunt.
525 776 630 838 'Maior
653 783 749 838 tamen
771 775 832 836 illic
856 775 973 837 licentia
996 785 1061 854 est,
1085 775 1135 837 ubi

122 870 255 939 tempora
278 861 363 920 etiam
388 862 481 921 auimo
503 863 657 922 metiuntur
677 870 706 922 ει
723 858 829 940 pedurn
851 868 880 919 ει
900 858 1054 938 digitorum
1075 862 1136 921 ictu

123 943 276 1004 intervalla
303 946 417 1022 signant
443 944 614 1024 quibusdam
642 948 718 1006 notis
746 955 834 1025 atque
865 945 1033 1021 aestimant,
1064 954 1137 1024 quot

123 1028 232 1089 breues
255 1026 327 1089 illud
352 1030 476 1107 spatium
501 1029 621 1098 habeam
647 1028 714 1090 inde
741 1023 929 1110 τετρᾶσημοι,
955 1024 1136 1108 πεντάσημοι

123 1113 264 1191 deinceps
279 1112 431 1190 longiores
447 1112 517 1173 liunt
532 1115 750 1192 percussiones.
792 1113 866 1175 Nam
880 1119 1000 1194 σημεῖον
1020 1123 1135 1193 tempus

81 1197 134 1267 *δι
142 1206 187 1258 εει
202 1213 297 1256 unum.
326 1195 359 1256 ln
379 1199 590 1276 compositione
607 1199 746 1260 orationis
762 1200 872 1259 certior
886 1208 917 1259 ει
933 1199 1026 1276 magis
1045 1199 1135 1257 omni·

123 1284 178 1342 bus
195 1290 296 1361 aperta
311 1282 423 1341 servari
440 1281 528 1342 dehet
544 1281 695 1343 dimensio.
741 1280 796 1342 Est
810 1283 898 1361 igitur
912 1283 941 1342 in
956 1280 1091 1361 pedihusss

209 1363 246 1424 Et
265 1366 378 1425 metrici
397 1364 512 1444 quidem
533 1365 625 1444 pedes
645 1365 720 1427 adeo
738 1368 922 1445 reperiuntur
943 1369 972 1425 in
990 1368 1134 1442 oratione,

124 1451 199 1510 utin
214 1466 249 1508 ea
264 1447 435 1527 frequenter
456 1466 514 1508 non
535 1449 726 1510 sentientibus
742 1451 827 1510 nohis
849 1452 973 1511 omnium
992 1468 1135 1529 generum

125 1532 261 1594 excidant
282 1551 402 1601 versus;
426 1542 455 1592 et
476 1543 576 1594 contra
598 1533 685 1611 nihil,
708 1534 786 1612 quod
809 1544 855 1595 est
877 1551 966 1614 prosa
983 1537 1134 1614 scriptum,

124 1635 182 1677 non
202 1616 297 1695 redigi
323 1618 417 1696 possit
440 1617 471 1676 in
497 1620 640 1697 quaedam
660 1617 874 1679 versiculorum
893 1636 1006 1697 genera
1027 1616 1077 1678 vel
1106 1619 1135 1677 in

81 1699 261 1762 dimembra.
293 1700 352 1761 Sed
363 1703 392 1761 iu
404 1701 478 1762 adeo
490 1702 632 1763 molestos
648 1702 797 1762 incidimus
808 1705 1031 1781 grammaticos,
1048 1719 1134 1782 quarn

124 1788 257 1860 inerunt,
279 1787 327 1863 qui
343 1784 511 1862 Lyricorum
527 1787 705 1866 quorundam
722 1788 848 1848 carmina
863 1790 892 1848 in
907 1788 1002 1848 varias
1017 1803 1133 1846 mensu·

124 1889 172 1931 ras
195 1879 365 1948 coegerunt.
410 1870 449 1931 Ar
470 1869 575 1932 Cicero
599 1871 834 1950 frequentissime
852 1872 936 1947 dicit,
958 1880 1050 1931 toturn
1073 1869 1133 1930 hoc

126 1964 261 2016 constare
277 1957 417 2023 numeris;
445 1955 571 2035 ideoque
587 1952 809 2034 reprehenditur
826 1973 842 2016 a
863 1953 1049 2035 quibusdam,
1069 1963 1132 2013 tan·

82 2041 217 2118 olquam
240 2041 402 2099 orationem
426 2038 463 2099 ad
487 2039 636 2116 rhythmos
661 2038 772 2117 alliget.
827 2039 901 2100 Nam
930 2048 996 2099 sunt
1020 2037 1134 2099 numeri

126 2123 265 2199 rhythmi,
285 2131 315 2181 ut
336 2132 366 2182 et
384 2124 449 2201 ipse
467 2125 630 2200 constituit,
650 2133 680 2184 ει
696 2127 790 2184 secuti
805 2141 870 2184 enm
885 2121 1050 2201 Vergilius,
1067 2139 1133 2183 oum

127 2207 195 2266 dicit

292 2323 334 2335 -
355 2288 506 2354 Numeros
520 2293 656 2367 memini,
672 2294 701 2354 εἰ
712 2293 810 2355 aerbo
822 2301 969 2371 tenerem,
1070 2349 1072 2352 Α

128 2383 157 2433 ει
171 2373 307 2434 Horatius

291 2493 334 2506 -·
354 2457 558 2541 Numericpuc
574 2461 677 2540 fertur
695 2459 777 2542 Lepc
796 2463 911 2525 solutis.

82 2542 262 2606 5clnvadnnt
285 2561 357 2623 ergo
383 2543 457 2606 hanc
479 2546 554 2605 inter
575 2554 690 2607 ceteras
706 2563 827 2606 vocem:
849 2545 956 2625 Nepete
976 2545 1057 2608 enim
1068 2541 1133 2607 De·

124 2628 287 2690 mundonis
301 2628 432 2707 fulmina
452 2636 613 2708 tantopere
627 2631 790 2694 vibratura
811 2630 897 2706 dicit,
917 2631 979 2692 uisi
996 2631 1134 2692 sumens

125 2720 262 2776 contorto
275 2714 443 2792 ferrentur.
464 2713 497 2774 In
512 2731 570 2792 quo
588 2717 613 2774 si
626 2715 684 2776 hoc
699 2717 802 2791 sentit,
818 2715 966 2796 rhythmis
978 2721 1133 2776 contorto:

126 2797 275 2858 diss‘entio.
320 2797 392 2859 Nam
411 2796 550 2875 rhythmi,
574 2808 605 2859 ut
625 2799 700 2876 dixi,
725 2817 822 2878 neque
840 2799 925 2861 linem
940 2797 1048 2859 hahent
1068 2815 1133 2857 cer·

125 2891 183 2940 tum
206 2898 261 2940 nec
280 2880 368 2943 ullam
388 2884 417 2942 iu
434 2891 571 2943 contextu
585 2884 771 2961 varietatem,
795 2883 865 2960 sed,
890 2901 946 2963 qua
971 2889 1134 2960 coeperunt

126 2964 288 3024 sublatione
303 2983 339 3026 ac
354 2967 516 3044 positione,
533 2967 569 3028 ad
581 2967 666 3029 llnern
678 2985 772 3051 usqne
783 2967 953 3036 decurrunt;
970 2967 1064 3028 oratio
1075 2981 1144 3040 non

84 3047 286 3135 56descendet
299 3049 336 3110 ad
352 3054 493 3129 crepitum
505 3052 668 3130 digitorum.
691 3052 782 3132 idque
799 3049 905 3112 Cicero
920 3053 1030 3131 optime
1041 3048 1132 3125 videt,

127 3150 161 3192 ac
179 3140 301 3192 testatur
317 3132 505 3234 frequenter,
528 3154 578 3211 se,
595 3136 673 3214 quod
689 3154 874 3199 numerosum
894 3139 948 3212 sit,
971 3151 1132 3216 quaerere;

126 3226 156 3276 ut
171 3216 262 3293 magis
283 3232 341 3276 non
358 3212 529 3300 ἂρῥνθμον,
552 3222 630 3300 quod
651 3231 731 3281 esset
745 3222 878 3282 inscitum
893 3230 980 3299 atque
1001 3228 1133 3297 agreste,

127 3318 211 3377 quam
234 3299 402 3380 ἔνρυθμον,
430 3302 508 3382 quod
533 3307 680 3383 poeticum
706 3314 767 3382 est,
798 3323 866 3366 esse
891 3303 1134 3383 compositionem

125 3383 206 3443 velit.
249 3385 330 3446 Sicut
352 3387 436 3447 etiam
461 3405 535 3468 quos
562 3389 746 3468 palaestritas
769 3407 836 3449 esse
860 3389 1008 3465 nolumus,
1037 3397 1134 3450 tamen

82 3469 194 3527 siesse
209 3468 342 3529 nolumus
354 3487 426 3548 eos,
443 3473 492 3552 qui
507 3472 639 3535 dicuntur
652 3464 837 3538 ἆιιᾶιαιστοι.
863 3472 973 3536 Verum
989 3490 1040 3549 ea,
1057 3487 1133 3552 qnae

88 3628 140 3635 .—....
