2408 3854
161 155 219 218 186
478 165 837 225 nr.uxn.qu1un1n1nxr

114 335 150 390 24
240 321 299 382 Sed
323 338 380 382 non
399 322 510 399 minore
534 320 628 381 studio
652 322 814 381 continetur
834 320 908 381 haec
931 321 1054 382 facultas
1074 339 1160 401 quam

158 414 283 484 paratur.
314 405 371 464 Ars
390 405 465 464 euim
481 405 573 465 semel
590 413 731 484 percepta
747 421 805 465 nou
815 403 931 481 labitur,
947 405 1031 464 stilus
1042 422 1160 484 quoque

158 491 370 549 intermissione
378 487 524 568 paululum
535 488 686 549 admodum
697 489 734 549 de
742 487 893 548 celeritate
905 487 1053 568 deperdit;
1063 505 1159 567 prom-

158 583 236 652 ptum
251 573 308 633 hoc
324 582 353 633 et
368 575 396 632 in
417 572 555 650 expedito
576 574 701 651 positum
720 573 931 632 exercitatione
948 571 1014 633 sola
1030 574 1159 633 contine·

157 666 212 717 tur.
247 656 309 716 llac
326 658 366 716 uti
382 658 425 716 sic
440 658 577 736 optimum
597 664 652 731 est,
670 664 701 714 ut
717 656 823 716 cotidie
835 656 962 716 dicamus
978 655 1159 717 audientibus

157 740 304 820 pluribus,
327 742 450 800 maxime
471 740 508 800 de
532 756 653 819 quorum
675 740 763 799 simus
785 739 892 799 iudicio
912 749 998 818 atque
1023 741 1160 818 opinione

156 825 291 892 solliciti;
313 841 408 884 rarum
428 832 473 883 est
486 826 575 900 enim,
597 832 627 884 ut
642 825 713 883 satis
732 841 766 882 se
784 823 907 902 quisque
921 831 1067 883 vereatur.
1103 823 1161 883 Vel

114 908 212 970 atiscli
228 916 323 967 tamen
345 906 471 967 dicamus
493 909 589 988 potius
612 925 697 987 quam
721 908 834 966 omuino
857 923 915 967 non
935 906 1072 967 dicamus.
1107 905 1161 966 Est

157 1001 187 1052 ct
209 991 260 1051 illa
283 993 454 1051 exercitatio
483 991 628 1068 cogitandi
653 999 788 1070 totasque
809 993 944 1052 materias
968 991 1017 1051 vel
1044 991 1160 1051 silentio

154 1076 240 1154 (dum
256 1084 352 1135 tamen
370 1076 453 1154 quasi
471 1074 548 1135 dicat
567 1078 641 1135 iutra
664 1093 698 1134 se
711 1075 824 1155 ipsum)
846 1075 1061 1155 persequendi,
1085 1091 1161 1154 quae

156 1159 235 1219 nullo
251 1176 308 1220 non
324 1168 354 1219 et
372 1168 504 1237 tempore
522 1168 550 1219 et
566 1159 651 1235 loco,
673 1158 786 1238 quando
802 1176 861 1218 non
877 1157 954 1219 aliud
970 1160 1090 1236 agimus,
1109 1177 1160 1218 ex·

156 1243 259 1321 plicari
284 1252 397 1322 potest,
420 1252 450 1302 et
467 1252 512 1303 est
531 1245 560 1302 in
583 1252 666 1322 parte
686 1243 785 1302 utilior
810 1260 894 1321 quam
921 1241 995 1302 baec
1018 1244 1160 1321 proxima.

114 1326 330 1405 26Diligentius
346 1329 420 1386 enim
439 1329 620 1405 componitur
638 1343 722 1405 quam
737 1326 801 1402 illa,
818 1327 846 1385 in
864 1344 920 1406 qua
937 1335 1104 1387 contextum
1120 1326 1161 1386 di·

157 1411 241 1471 cendi
256 1411 444 1470 intermittere
455 1428 597 1470 veremur.
625 1409 736 1469 Rursus
753 1412 781 1470 in
797 1410 853 1470 alia
863 1410 928 1488 plus
942 1411 1023 1489 prior
1035 1410 1160 1485 confert,

156 1495 239 1553 vocis
262 1493 439 1569 firmitatem,
464 1495 523 1553 oris
546 1493 731 1569 facilitatem,
755 1503 861 1579 motum
884 1495 1036 1573 corporis,
1059 1496 1108 1573 qui
1133 1502 1162 1552 et

157 1580 238 1657 ipse,
260 1585 292 1636 ut
311 1576 385 1653 dixi,
407 1578 516 1637 excitat
541 1585 688 1639 oratorem
709 1585 739 1637 et
760 1578 916 1639 iactatione
936 1595 1053 1655 mauus,
1076 1577 1160 1657 pedis

158 1659 364 1739 supplosione,
394 1662 468 1720 sicut
490 1661 581 1721 cauda
603 1661 706 1721 leones
726 1661 825 1722 facere
849 1660 997 1738 dicuntur,
1019 1660 1160 1723 hortatur.

114 1743 333 1807 atstudeudnm
344 1762 416 1805 vero
432 1763 548 1825 semper
565 1754 594 1805 et
609 1744 726 1824 ubique.
757 1743 860 1825 Neque
873 1747 948 1805 euim
960 1744 1027 1805 -fere
1043 1754 1100 1805 tam
1116 1753 1160 1804 est

156 1828 232 1888 ullus
252 1828 315 1888 dies
333 1838 508 1908 occupatus,
530 1838 561 1889 ut
581 1828 651 1889 nihil
672 1829 847 1905 lucrativae,
869 1837 900 1889 ut
922 1826 1028 1890 Cicero
1044 1828 1160 1888 Brutum

157 1913 258 1972 facere
272 1912 369 1988 tradit,
386 1929 494 1991 operae
516 1913 552 1973 ad
568 1912 750 1974 scribendum
766 1922 814 1973 aut
828 1911 984 1990 legendum
999 1921 1047 1972 aut
1063 1912 1159 1973 dicen·

157 1998 221 2058 dum
237 1998 299 2074 rapi
308 1995 406 2075 aliquo
417 2005 562 2057 momento
574 1997 713 2075 temporis
725 1998 828 2076 possit.
857 1994 1005 2076 Siquidem
1017 1992 1050 2055 Ο.
1064 1992 1159 2057 Carbo

157 2081 242 2140 etiam
263 2083 292 2139 iu
315 2078 502 2140 tabernaculo
524 2079 640 2140 solebat
659 2079 715 2140 hac
735 2080 775 2139 uti
802 2081 1013 2140 exercitatione
1036 2078 1159 2140 dicendi.

113 2162 201 2226 salte
217 2163 245 2222 id
261 2163 376 2242 quidem
391 2165 553 2239 tacendum,
570 2161 648 2242 quod
665 2161 758 2223 eidem
778 2160 914 2224 Ciceroni
930 2164 1038 2241 placet,
1053 2162 1161 2222 nullum

156 2254 284 2305 nostrum
305 2264 425 2325 usquam
445 2245 641 2323 negligentem
662 2264 728 2306 esse
755 2264 931 2315 sermonem
954 2245 1091 2326 quidquid
1118 2246 1158 2306 lo·

157 2329 469 2409 quemurubicuuque,
491 2331 528 2388 sit
550 2346 604 2408 pro
626 2348 678 2390 sua
698 2330 813 2391 scilicet
830 2333 965 2410 portione
986 2331 1159 2410 perfectum.

157 2412 346 2473 Scribendum
368 2421 447 2473 certe
469 2430 612 2491 nunquam
635 2422 681 2473 est
701 2416 809 2492 magis,
830 2432 914 2493 quam
936 2433 1000 2475 eum
1015 2415 1104 2474 multa
1120 2413 1159 2474 di·

158 2515 256 2556 cemus
280 2515 317 2556 ex
336 2506 478 2576 tempore.
516 2495 558 2557 lta
574 2498 649 2558 enim
664 2498 825 2558 servabitur
840 2496 970 2575 pondus,
987 2507 1016 2558 et
1031 2500 1160 2560 innatans

157 2580 207 2641 illa
222 2580 378 2642 verborum
393 2581 517 2643 facilitas
538 2582 566 2641 in
583 2580 671 2642 altum
688 2581 857 2650 reducetur;
880 2583 957 2643 sicut
975 2581 1076 2643 rustici
1092 2589 1158 2662 pro-

156 2665 246 2724 ximas
264 2666 332 2725 vitis
346 2665 461 2725 radices
479 2673 641 2744 amputant,
665 2682 740 2744 quae
762 2664 840 2724 illam
861 2667 890 2726 in
908 2684 1048 2726 summum
1067 2666 1160 2728 solnm

114 2748 273 2824 reducunt,
289 2758 320 2809 ut
336 2749 490 2810 inferiores
505 2750 620 2828 penitus
638 2748 844 2810 descendendo
861 2751 1017 2810 firmentur.
1050 2749 1095 2808 Ac
1110 2768 1160 2809 ne·

156 2832 219 2890 scio
238 2849 283 2907 an,
300 2834 325 2892 si
340 2841 492 2912 utrumque
508 2852 572 2892 cum
594 2850 663 2894 cura
687 2841 716 2893 et
731 2831 827 2894 studio
843 2831 1015 2908 fecerimus,
1036 2832 1160 2894 invicem

156 2915 263 2992 prosit,
285 2925 316 2975 ut
331 2915 487 2976 scribendo
505 2915 632 2977 dicamus
647 2915 830 2994 diligentius,
854 2915 979 2978 dicendo
1000 2914 1159 2975 scribamus

156 2997 279 3058 facilius.
312 2999 502 3060 Scribendum
518 3017 606 3078 ergo,
624 3003 759 3077 quotiens
775 2999 890 3067 licebit:
912 3001 937 3060 si
957 2997 986 3059 ld
1007 3015 1065 3058 non
1081 2998 1160 3060 dabi-

156 3089 212 3157 tur,
229 3082 427 3160 cogitandum
448 3083 484 3144 ab
500 3093 623 3163 utroque
645 3083 757 3144 exclusi
772 3081 879 3145 (hbent
893 3092 988 3143 tamen
1004 3082 1109 3158 anniti,
1130 3091 1161 3142 ut

155 3183 251 3307 peque
267 3165 466 3245 deprehensus
489 3176 590 3228 orator
610 3184 707 3246 neque
721 3166 850 3245 litigator
865 3167 1018 3228 destitutus
1036 3183 1105 3226 esse
1119 3166 1159 3224 vi·

176 3257 267 3309 eatur.
1074 3302 1077 3308 .

115 3337 149 3391 do
238 3332 411 3412 Plerumque
439 3343 534 3394 autern
555 3332 643 3394 multa
665 3333 817 3412 agentibus
839 3332 962 3410 accidit,
981 3341 1012 3392 ut
1038 3332 1159 3394 maxime

158 3419 325 3478 necessaria
340 3427 369 3477 et
389 3419 488 3497 ntique
504 3418 582 3478 initia
599 3417 742 3496 scribant,
762 3427 862 3480 cetera
884 3434 959 3498 quae
980 3416 1068 3479 domo
1091 3416 1157 3478 ade·
