2408 3854
360 176 744 253 ¹nasu.onnronurrnu,
762 173 827 227 so
1021 160 1075 223 181

75 344 142 414 pter
158 332 234 412 quod
256 330 375 406 accidit,
391 339 422 390 ut
436 349 492 390 nee
506 345 559 390 sno
575 328 643 388 loco
659 328 786 407 quidque
803 339 941 408 ponatur,
962 347 1017 390 neo
1032 329 1083 390 ilia

76 435 150 497 quae
177 417 269 494 prirna
293 423 358 474 sunt
380 422 499 474 seruent
527 429 607 473 suam
633 412 745 491 legem,
768 412 918 474 iuvenibus
943 413 1083 474 flosculos

76 502 198 561 omnium
213 499 335 577 partium
356 498 385 557 in
410 516 445 558 ea
461 515 536 576 quae
552 505 617 556 sunt
639 496 741 557 dicturi
757 496 1000 574 congerentibus;
1025 513 1082 575 quo

76 587 116 661 iit,
133 593 163 644 ut
179 585 324 659 timentes,
341 600 377 642 ne
398 583 549 660 sequentia
561 579 700 660 perdant,
717 581 814 658 priora
833 581 1017 641 confundant.

436 734 480 784 DE
501 731 726 784 coolrnnlodu.

160 828 211 888 Vl.
242 829 376 890 Proxima
398 829 466 891 stilo
489 831 672 908 cogitatio
695 838 756 905 est,
780 846 855 907 quae
882 837 911 888 et
925 831 989 907 ipsa
1004 829 1083 886 vires

77 914 113 974 ab
124 913 182 973 hoc
194 913 311 991 accipit,
332 921 436 994 estque
448 915 523 974 inter
534 912 679 974 scribendi
694 912 825 974 laborem
841 910 1083 992 extemporalem·

77 1015 134 1076 que
150 997 292 1057 fortunam
308 997 401 1058 rnedia
425 997 565 1077 quaedam
587 1007 616 1057 et
644 998 743 1057 nescio
766 1014 802 1056 an
825 1014 894 1056 usus
910 996 1071 1074 frequentis

76 1082 149 1140 sinui.
179 1078 251 1140 Nam
272 1079 403 1141 seribere
418 1099 474 1142 nee
490 1080 598 1160 ubique
613 1098 669 1141 nec
684 1098 800 1159 semper
817 1096 986 1159 possumus;
1004 1081 1083 1156 eogi-

76 1165 177 1224 tationi
192 1165 330 1241 temporis
349 1183 383 1225 ac
399 1165 458 1225 loci
472 1165 623 1244 plurimum
641 1173 695 1225 est.
725 1162 805 1224 Haec
818 1165 919 1243 paucis
934 1161 1084 1223 admodum

76 1249 155 1309 horis
178 1265 297 1325 magnas
322 1248 407 1308 etiam
430 1265 534 1310 causas
550 1248 766 1328 complectitur3
781 1247 871 1322 haee,
890 1248 1024 1326 quotiens
1043 1247 1083 1304 in·

77 1332 227 1391 termissus
245 1339 291 1390 est
305 1348 440 1408 somnus,
462 1334 533 1411 ipsis
556 1334 649 1393 noetis
671 1330 799 1391 tenebris
821 1331 983 1399 adiuratum
1010 1329 1084 1389 haec

78 1413 278 1476 intermedius
295 1432 391 1475 rerum
407 1424 488 1476 actus
505 1415 613 1496 aiiquid
628 1416 737 1475 invenit
752 1417 835 1475 vacui
859 1432 914 1474 nec
930 1415 1018 1473 otium
1033 1431 1083 1492 pa·

76 1501 153 1559 titur.
201 1496 305 1576 Neque
325 1516 398 1558 vero
418 1517 514 1560 rerum
535 1500 665 1560 ordinem
682 1499 787 1575 modo,
811 1499 888 1578 quod
905 1500 998 1577 ipsum
1014 1497 1112 1562 satist

78 1591 158 1658 erat,
181 1583 254 1641 intra
269 1599 302 1641 se
318 1584 381 1661 ipsa
399 1583 540 1662 disponit,
559 1583 612 1643 sed
633 1582 724 1643 verba
742 1585 828 1642 etiam
846 1582 964 1660 copulet
982 1590 1083 1641 totam·

75 1684 134 1746 que
150 1668 189 1725 ita
205 1668 336 1726 contexit
349 1668 527 1742 orationem,
549 1676 580 1726 ut
603 1668 630 1726 ei
646 1666 716 1726 nihil
733 1674 852 1744 praeter
867 1683 979 1724 manum
998 1665 1082 1725 desit.

75 1749 148 1809 Nam
169 1750 327 1809 memoriae
346 1767 463 1830 quoque
487 1749 660 1829 plerumque
688 1748 837 1808 inhaerent
858 1748 987 1824 fidelius,
1010 1765 1084 1827 quae

74 1832 155 1893 nulla
173 1833 320 1892 scribendi
335 1834 492 1894 securitate
513 1833 653 1893 laxantur.

145 1911 221 1978 'Sed
242 1934 280 1976 ne
303 1915 339 1976 ad
360 1917 434 1978 hano
456 1917 571 1995 quidem
591 1918 647 1977 vim
663 1914 812 1992 cogitandi·
824 1916 970 1993 perveniri
987 1922 1084 1993 potest

77 2008 126 2059 aut
140 1999 235 2061 subito
253 2008 301 2062 aut
316 2001 385 2060 cito.
420 1999 492 2061 Narn
513 2001 633 2079 primunr
650 1998 782 2061 iacienda
799 1999 889 2061 multo
905 1998 973 2059 stilo
990 1998 1110 2062 format

77 2092 139 2159 est,
163 2100 237 2161 quae
254 2099 308 2143 nos
329 2085 414 2144 etiam
440 2085 602 2162 cogitantes
633 2092 786 2163 sequatur;
811 2091 869 2144 tum
897 2083 1084 2144 assumendus

77 2185 145 2227 usus
163 2167 315 2246 paulatim,
333 2176 365 2227 ut
382 2185 475 2247 pauca
491 2170 611 2247 primurn
629 2166 857 2247 complectamur
872 2169 984 2243 animo,
1010 2183 1083 2245 quae

76 2249 158 2310 reddi
177 2251 302 2311 fideliter
316 2253 445 2330 possint:
469 2270 537 2324 mox
560 2271 615 2332 per
638 2255 813 2313 incrementa
829 2260 886 2312 tam
900 2249 1031 2326 modica,
1054 2259 1084 2310 ut

76 2336 192 2394 onerari
208 2353 242 2394 se
258 2333 341 2395 labor
356 2335 407 2397 ille
418 2353 476 2396 non
492 2338 608 2414 sentiat,
624 2336 756 2416 augenda
767 2337 810 2396 vis
828 2343 858 2396 et
873 2336 1084 2396 exercitatione

77 2417 166 2478 muita
187 2419 358 2479 continenda
375 2429 431 2496 est,
448 2437 523 2498 quae
535 2421 652 2499 quidern
663 2421 785 2481 maxima
797 2428 928 2497 exparte
945 2419 1084 2478 memoria

78 2509 200 2560 constat.
233 2501 363 2579 Ideoque
379 2503 557 2581 eliquamini
573 2506 602 2564 in
621 2505 702 2564 illum
717 2503 814 2563 locum
831 2501 989 2563 differenda
1008 2509 1082 2560 sunt.

76 2583 122 2642 Eo
136 2593 231 2643 tamen
245 2587 397 2662 pervenit,
413 2597 444 2646 ut
461 2588 505 2663 is,
521 2589 567 2648 eui
585 2604 644 2648 non
659 2587 825 2664 refragetur
841 2585 1004 2662 ingenium,
1023 2584 1083 2643 aori
1092 2592 1122 2657 4,

77 2665 173 2726 studio
189 2667 300 2727 adiutus
327 2676 433 2728 tantum
449 2680 664 2750 consequatur,
688 2679 719 2730 ut
739 2670 767 2729 ei
788 2678 844 2729 tam
860 2684 934 2746 quae
951 2667 1085 2746 cogitarit

78 2767 163 2830 quam
184 2769 258 2830 quae
280 2753 431 2830 scripserit
454 2762 540 2831 atque
561 2753 713 2815 edidicerit
732 2754 761 2813 in
784 2750 907 2812 dicendo
923 2751 1006 2811 iidem
1023 2768 1084 2811 ser

76 2843 156 2918 rent.
189 2831 295 2896 Cicero
312 2834 587 2897 certeiiraecorum
598 2836 794 2898 Metrodorum
808 2835 961 2913 Scepsium
980 2844 1009 2894 et
1018 2833 1084 2895 Ern-

78 2917 176 2996 pylum
191 2917 334 2980 Rhodium
349 2926 573 2999 nostrorumque
587 2921 771 2982 Hortensium
794 2918 922 2997 tradidit,
944 2937 1018 2999 quae
1035 2935 1084 2980 co·

79 3003 252 3080 gitaverant,
272 3002 445 3070 adverbum
461 3005 489 3064 in
506 3003 620 3082 agendo
635 3003 781 3065 retulisse.

164 3085 223 3146 Sed
238 3088 263 3146 si
278 3088 355 3148 forte
371 3087 476 3168 aliquis
487 3089 562 3148 inter
577 3088 728 3150 dicendum
743 3086 886 3148 effulserit
902 3093 1113 3165 extemporao

81 3168 117 3227 lis
134 3168 228 3245 color,
246 3186 304 3230 non
320 3173 526 3250 superstitiose
538 3173 672 3250 cogitatis
686 3171 798 3232 demum
812 3180 859 3232 est
870 3170 1083 3233 inhaerendum.

49 3269 51 3273 ⁴
80 3249 184 3329 Neque
201 3253 276 3313 enirn
293 3263 402 3315 tanturn
416 3253 524 3316 habent
539 3274 636 3332 curae,
653 3265 755 3316 utnon
772 3257 810 3315 sit
825 3254 934 3316 dandus
950 3262 980 3314 et
994 3253 1085 3315 tortu·

79 3353 135 3395 nae
156 3335 251 3412 loeus,
270 3354 334 3397 eum
348 3355 439 3417 saepe
459 3341 545 3408 etiam
560 3340 676 3418 scriptis
692 3356 817 3420 eaquae
832 3337 1005 3398 subitonata
1021 3343 1087 3397 sunt

80 3421 254 3480 inserantur.
291 3420 422 3502 Ideoque
445 3430 536 3483 toturn
557 3421 614 3483 hoo
637 3424 857 3485 exercitationis
877 3423 1037 3498 gessena
1045 3421 1098 3472 'xxx-
