2408 3854
352 203 805 273 mer.onnnon.nrn.v1u,s
1048 191 1089 256 ts

164 314 224 419 Sed
252 359 354 419 borum
377 360 492 439 quidem
516 378 655 438 generum
676 368 705 418 et
728 359 822 420 bonae
846 361 902 421 dici
920 370 1044 439 possunt
1059 371 1088 422 et

78 443 184 506 malae.
217 442 289 503 lllae
306 461 423 522 semper
438 446 561 504 vitiosae
584 463 600 504 a
620 443 752 504 verbo:
775 442 886 507 Patres
900 447 1130 525 conscriptum

78 530 125 590 sic
149 528 229 590 eat'm
251 528 461 605 incipiendam
484 536 529 589 est
558 527 646 603 miii,
678 537 711 588 ot
736 531 932 591 memineritis
951 539 1085 607 potrum.

79 612 167 672 Peius
187 610 297 687 adbuc,
322 627 380 690 quo
403 614 494 689 magis
510 611 613 671 falsum
633 619 679 671 est
695 620 724 671 et
739 611 854 689 longius
869 614 1000 691 petitum,
1018 630 1086 672 con·

78 705 123 756 tra
139 694 262 755 eandem
277 710 410 754 sororem
425 695 610 772 gladiatoris,
628 695 708 755 cuius
720 696 806 756 modo
822 697 880 756 leci
896 699 1085 758 mentionem:

77 776 130 841 Aa
145 780 273 858 dipitttm
284 781 432 858 pnpncci.
464 778 518 839 Est
534 781 619 839 etiam
634 781 752 857 generis
768 781 915 856 eiusdem,
932 783 1033 841 nescio
1052 791 1127 844 antl

78 864 307 939 vitiosissimum,
325 865 460 941 quotiens
472 863 627 923 verborum
644 862 813 941 ambiguitas
826 883 997 924 cumrerum
1012 865 1086 926 falsa

79 946 205 1026 quadam
221 945 406 1006 similitudine
421 948 555 1025 iungitur.
596 945 711 1006 Clarum
733 957 881 1008 auctorem
902 950 1014 1008 iuvenis
1036 967 1085 1008 au·

79 1031 154 1106 divi,
178 1048 244 1090 cum
263 1029 340 1090 lecta
354 1032 382 1089 in
397 1033 493 1109 capite
509 1031 655 1090 cuiusdam
673 1048 741 1090 ossa
757 1034 919 1092 sententiae
934 1033 1026 1109 gratia
1042 1041 1084 1092 te·

78 1113 173 1174 nenda
188 1115 272 1173 matri
288 1112 432 1174 dodisset:
454 1114 672 1193 Infelicissime
693 1115 826 1192 femina,
847 1118 981 1177 nondam
999 1125 1086 1178 ecto·

76 1200 141 1260 listi
165 1198 261 1277 filium
290 1207 320 1259 et
341 1199 405 1259 ione
424 1218 497 1261 ossa
517 1200 625 1278 lepisti.
659 1196 705 1258 Ad
726 1198 784 1257 hoc
805 1199 938 1277 plerique
964 1195 1084 1259 minimis
1093 1211 1128 1264 22

78 1284 167 1343 etiam
185 1281 408 1342 inventiunculis
430 1282 573 1360 gaudent,
596 1299 671 1361 qnae
694 1300 838 1342 excussae
862 1285 950 1342 risum
966 1283 1083 1359 habent,

77 1369 214 1426 inventae
231 1365 308 1425 tacte
323 1366 431 1442 ingenii
446 1365 637 1427 blandiuntur.
676 1364 721 1426 De
737 1383 789 1443 eo,
813 1369 861 1448 qui
882 1365 1039 1445 naufragus
1056 1377 1085 1427 et

77 1459 145 1509 ante
164 1466 301 1527 agrorum
316 1450 469 1510 sterilitate
485 1458 607 1510 uexatus
619 1452 648 1510 in
660 1449 771 1510 sobolis
784 1451 900 1529 lingitur
911 1469 945 1510 se
962 1470 1083 1531 suspen·

76 1533 189 1594 disses
202 1532 297 1607 Quem
319 1554 378 1595 nec
401 1542 488 1595 terra
510 1536 621 1612 recipit
636 1554 693 1595 nec
708 1554 808 1612 more,
824 1538 970 1613 pendeat.
1011 1535 1127 1600 Huicld

78 1617 174 1677 simile
189 1619 218 1677 in
233 1616 300 1693 illo,
325 1618 362 1678 de
387 1634 444 1696 quo
466 1636 553 1698 supra
571 1619 647 1694 dixi,
670 1618 716 1678 cui
732 1628 816 1697 pater
833 1637 885 1680 sua
900 1619 1027 1680 membra
1042 1620 1082 1680 la·

77 1704 189 1762 ceranti
210 1719 353 1762 venenum
375 1701 466 1762 dedit:
494 1700 556 1775 Qut
574 1705 653 1765 baec
672 1703 751 1780 edit,
776 1705 865 1765 debet
889 1704 946 1765 boc
970 1704 1082 1767 bibere.

74 1785 114 1846 Et
129 1787 158 1844 in
172 1785 362 1861 luxuriosum,
381 1786 428 1864 qui
441 1777 674 1865 ἆποκαρτέρησιν
689 1786 840 1846 slmulasse
853 1787 971 1847 dicitur:
988 1785 1084 1849 Necte

74 1871 230 1948 laqueum,
241 1870 348 1946 bobes,
369 1872 453 1947 qaod
464 1872 612 1949 faucibus
626 1872 687 1931 tais
700 1872 855 1932 irascaris
863 1893 876 1938 ,·
893 1889 978 1931 some
992 1889 1082 1932 oece-

74 1972 164 2029 mem,
188 1955 276 2015 decet
290 1954 484 2015 lucaniacum
499 1954 630 2016 bibendo
648 1955 735 2014 mori.
772 1952 838 2013 Alia
860 1971 947 2013 vana:
970 1962 1001 2013 nt
1019 1964 1124 2019 sua-24

74 2036 175 2098 dentis
198 2039 382 2117 purpuratis,
405 2047 436 2097 ut
456 2035 653 2097 Alexandrum
669 2035 826 2113 Rabylonis
841 2036 976 2096 incendio
996 2055 1081 2117 sepe·

76 2119 167 2197 liant,
197 2119 411 2184 Alexandrum
442 2122 577 2200 sepelio‚·
609 2122 665 2183 boc
696 2118 856 2200 qnisquam
885 2122 1083 2200 spectabitis

74 2207 176 2267 tecto?
190 2204 279 2279 Quasi
294 2223 366 2265 vero
381 2206 410 2266 id
423 2207 460 2265 sit
475 2207 503 2264 in
518 2223 550 2265 re
565 2213 626 2265 tota
638 2205 873 2283 indignissimum.
898 2204 965 2266 Alia
979 2206 1080 2265 nimia:

75 2297 107 2348 ut
125 2287 161 2349 de
177 2287 326 2349 Germanis
344 2291 487 2350 dicentem
504 2290 644 2368 quendam
662 2289 772 2365 audivi,
795 2286 897 2367 Captet
911 2293 1015 2352 nescio
1029 2290 1083 2352 obi
1111 2342 1114 2349 .

73 2373 269 2450 impositam
291 2382 320 2434 et
343 2374 379 2434 de
403 2375 465 2433 viro
489 2374 573 2448 lorti,
595 2371 684 2435 Bello
699 2375 827 2436 umbone
839 2376 991 2452 propellit.
1023 2373 1122 2436 Sedes

74 2455 141 2516 llnls
158 2473 214 2516 non
232 2458 297 2533 erit,
314 2460 339 2516 si
354 2457 483 2534 singulas
502 2467 703 2535 corruptorum
718 2475 881 2535 persequar
898 2457 1036 2538 formam

160 2538 233 2601 Illud
250 2542 363 2620 potius,
388 2542 465 2620 quod
493 2550 538 2600 est
558 2540 650 2617 magis
671 2542 876 2600 necessarium.
913 2540 996 2601 Duae
1016 2548 1080 2599 sunt

73 2623 210 2691 diuersae
229 2626 397 2703 opiniones,
422 2625 542 2684 aliorum
563 2625 720 2684 sententias
736 2623 815 2682 solas
833 2641 927 2702 paene
947 2632 1078 2702 spectan-

74 2708 155 2784 tium,
174 2709 295 2768 allorum
311 2708 425 2768 omuino
441 2709 644 2775 damnantium
668 2724 789 2785 quorum
803 2707 870 2766 milri
885 2716 1015 2767 neutrum
1030 2705 1078 2766 ad·
1147 2743 1150 2749 ·

72 2791 189 2852 modum
204 2792 311 2870 placet.
354 2790 490 2852 Densitas
514 2809 611 2851 earnm
635 2790 731 2850 obstat
751 2791 889 2860 invicem;
918 2800 948 2850 ut
967 2793 995 2851 in
1010 2792 1122 2854 satis26
1144 2859 1148 2864 ,

75 2875 208 2935 omnibns
223 2875 424 2954 fructibusque
443 2875 577 2935 arborum
598 2874 667 2934 nihil
689 2874 724 2934 ad
740 2876 842 2934 iustam
857 2875 1079 2954 magnitudinem

74 2959 248 3020 adolescere
266 2969 381 3039 potest,
405 2959 482 3039 quod
501 2959 586 3034 loco,
603 2960 633 3018 in
648 2975 733 3035 quern
749 2968 878 3035 crescat,
896 2968 984 3019 earet.
1016 2957 1079 3018 Nec

74 3045 197 3122 pictura,
221 3047 250 3104 in
266 3062 322 3122 qua
339 3043 409 3104 nibil
429 3043 618 3103 circumlitum
634 3050 690 3118 est,
713 3045 827 3104 eminet.
865 3042 995 3122 Ideoque
1011 3042 1078 3102 arti·

74 3127 147 3187 lices
171 3130 271 3203 etiarn,
295 3146 359 3188 cum
382 3128 465 3206 plura
487 3128 515 3184 iu
537 3144 620 3186 unam
635 3126 760 3187 tabulam
776 3144 867 3206 opera
883 3127 1077 3202 contulerunt,

75 3213 177 3291 spatiis
196 3213 389 3288 distinguunt,
411 3229 448 3270 ne
463 3210 582 3270 umbrae
598 3212 626 3270 in
641 3228 766 3290 corpora
782 3211 895 3272 cadant.
935 3211 1016 3271 Facit
1030 3214 1118 3270 resti

73 3295 177 3355 eadem
199 3297 345 3356 concisam
371 3311 487 3374 quoque
510 3295 677 3354 orationem.
721 3295 858 3355 Subsistit
886 3296 959 3354 enim
986 3294 1077 3353 omnis

74 3381 230 3455 sententia,
251 3378 377 3459 ideoque
393 3387 461 3457 post
477 3396 540 3438 eam
555 3379 653 3456 utique
675 3377 752 3439 aliud
773 3388 818 3438 est
841 3380 958 3438 initium.
994 3375 1077 3436 Unde

69 3462 171 3524 soluta
187 3463 252 3524 lere
268 3464 361 3523 oratio
380 3470 410 3523 et
426 3481 442 3522 e
458 3461 579 3540 singulis
595 3478 652 3521 non
674 3460 809 3522 membris
832 3461 885 3522 sed
901 3461 999 3521 frustis
1016 3459 1077 3523 col·
