2408 3854
330 196 419 247 ruso.
437 197 587 247 osunen.
606 199 676 246 uns.
696 200 750 265 rx,
765 196 792 250 3.
1007 192 1066 253 113

57 351 188 424 Quorum
209 349 312 411 similia
336 351 412 429 apud
427 361 544 413 veteres
564 354 692 431 tragicos
710 354 899 434 comicosque
916 365 982 416 suut
1002 357 1066 436 plu-

58 437 139 494 rima.
173 432 248 494 lllutl
263 443 292 493 et
307 434 336 493 in
352 437 560 496 consuetudine
576 439 713 498 remansit
734 435 907 502 Enimuero.
942 439 993 500 llis
1009 455 1109 507 cem-15
1174 443 1181 457 '

59 518 135 597 plius
153 517 227 597 apud
244 518 382 578 eundem:

153 667 157 674 ,
184 598 265 663 Num
293 605 362 680 quis
384 611 413 664 ic
432 606 574 665 iuuenum
596 605 853 684 confidentissime
873 637 915 650 -

58 703 117 766 quo
133 687 276 746 sermonis
294 688 401 746 initium
419 688 458 747 lit.
499 687 537 748 Et

103 769 178 831 Tum
193 771 293 849 munis
306 772 362 832 illu
376 780 509 833 tremens
531 781 559 833 ct
578 774 715 835 tristibus
729 775 824 859 effero
840 773 982 852 fiammis,

101 852 202 928 Οιιιιιιι
216 856 315 934 mucis
336 855 431 938 effuso
450 857 639 918 crudescunt
657 861 808 938 sanquine
820 875 954 940 uniquus.
1050 880 1052 884 ·

58 937 144 1012 Quod
163 947 208 997 est
219 956 337 998 versum
352 958 390 998 ex
405 940 473 1000 illo:
498 938 597 1014 Quum
611 943 711 1019 mucis
725 961 877 1005 cemmnu
888 953 988 1023 uryet,
1005 952 1068 1006 tem

56 1024 157 1102 mauis
181 1024 226 1084 od
240 1024 498 1101 malefaciendum
516 1027 605 1103 nicet.
637 1024 718 1085 Pleni
735 1024 840 1087 talibus
856 1028 979 1107 antiqui:
995 1029 1111 1092 siout16

58 1106 151 1184 {initio
167 1105 299 1166 Eunuchi
315 1106 467 1167 Terentius
486 1107 569 1181 Quid
581 1109 677 1187 initur
689 1109 829 1187 facicm?
850 1111 950 1189 inquit.
981 1109 1067 1173 Aliu-

56 1191 99 1251 sit
116 1191 240 1252 tandem
256 1192 345 1270 leno]
382 1188 512 1252 Catullus
535 1195 563 1251 in
581 1191 774 1271 Epithalamio

143 1308 186 1321 -
200 1272 284 1336 unm
303 1277 433 1354 innupto
455 1284 573 1354 munet,
595 1278 668 1338 dum
685 1295 765 1339 curu
786 1279 851 1338 suis
870 1287 925 1357 est,

57 1376 122 1420 cum
144 1359 224 1438 prius
246 1360 319 1421 dum
345 1360 490 1437 significet
515 1362 633 1438 quood,
663 1379 790 1439 sequens
812 1379 910 1439 usque
933 1380 977 1424 co.
1022 1362 1067 1423 Ex
1076 1375 1109 1428 17

58 1443 175 1504 Graeco
195 1461 267 1504 vero
284 1443 423 1504 translate
437 1444 486 1503 vel
503 1445 631 1505 Sallustii
649 1444 787 1522 plurima,
807 1445 894 1524 qrrsle
910 1456 970 1507 est:
996 1445 1065 1508 Vul-

54 1547 115 1606 nus
129 1535 215 1589 omui
228 1528 319 1607 derb·
339 1529 388 1588 vel
402 1528 528 1604 Horatii,
550 1546 615 1588 narn
631 1528 659 1588 id
674 1531 798 1590 maxime
814 1529 934 1609 probat:

141 1644 185 1657 -
207 1610 273 1674 Nec
290 1615 420 1689 ciceris,
442 1632 501 1675 nec
523 1615 636 1691 lonqce
651 1615 762 1676 inuidit
783 1632 913 1690 coenae,

57 1695 106 1754 vel
121 1694 262 1772 Vergilii:

265 1811 306 1821 -
329 1779 518 1860 Tyrrhenum
535 1782 663 1860 numqui
682 1799 807 1859 nequer.

58 1864 96 1924 m
113 1864 168 1924 ism
183 1863 331 1941 vulgatum
347 1867 419 1925 actis
436 1881 570 1944 quoque:
594 1863 729 1926 Saucius
742 1873 859 1943 peones.
903 1864 950 1924 Ex
965 1865 1066 1926 eudem
1074 1875 1107 1928 18

58 1957 142 2026 parte
164 1947 320 2025 figurarum
341 1947 482 2008 additio
512 1957 541 2007 et
561 1947 728 2008 abiectio
755 1957 809 2007 est.
849 1948 963 2027 lllaque
984 1949 1064 2028 prior

58 2031 151 2091 videri
169 2039 268 2109 potest
282 2050 464 2110 supervacua
481 2032 607 2092 sednon
624 2033 686 2092 sine
701 2034 794 2110 gratia
812 2041 871 2094 est:

101 2113 181 2176 Num
196 2131 296 2192 nsque
316 2113 449 2178 Porncsi
468 2117 553 2179 υοὸἱι
572 2117 646 2196 iuqc
662 2135 733 2178 uum
750 2133 848 2193 neque
869 2115 960 2177 Pindi
979 2150 1022 2161 -

59 2199 160 2260 Potest
175 2199 249 2259 enim
261 2199 367 2259 deesse
383 2200 505 2259 alterum
517 2219 599 2262 nom.
626 2200 663 2261 Et
679 2201 754 2279 apud
765 2199 912 2260 Horatium
927 2199 1014 2261 illud:
1049 2222 1051 2227 ·

469 2317 513 2330 --
533 2317 572 2329 ·-
596 2283 844 2362 Fabriciumque,

224 2365 314 2430 llunc
335 2375 364 2430 et
383 2369 512 2430 intonsis
534 2367 660 2430 Curium
681 2370 804 2448 capillis
819 2391 867 2410 -·

59 2451 96 2511 llt
113 2451 325 2532 detractiones,
349 2469 423 2530 quoe
444 2452 645 2531 incomplexe
668 2454 810 2513 sermonis
834 2454 994 2513 nutritium
1014 2451 1063 2512 lra-

60 2536 129 2596 bent
143 2545 191 2596 aut
206 2535 341 2614 liguram:
362 2544 393 2594 ut
960 2545 962 2548 ·

185 2617 311 2681 Accede
326 2621 370 2681 ud
385 2621 501 2697 ionem,
517 2622 580 2680 ium
597 2622 733 2683 calesces
747 2621 819 2698 pius
832 2621 918 2680 sutis.

61 2703 133 2765 Plus
147 2707 222 2764 enim
239 2720 331 2783 quum
345 2705 422 2764 sutis
437 2711 491 2762 est.
516 2703 589 2763 Nam
604 2704 640 2764 de
656 2703 765 2779 alters,
783 2719 858 2781 quae
873 2701 1063 2778 detractione,
1073 2703 1107 2760 19

59 2787 191 2866 pluribus
206 2787 398 2848 adiiciendum
416 2797 470 2846 est.
513 2786 624 2846 Utimur
638 2787 727 2864 vulgo
745 2795 775 2846 et
792 2786 995 2865 comparativis
1011 2801 1065 2864 pro

59 2869 218 2948 absolutis,
240 2880 272 2931 ut
297 2889 361 2932 curn
376 2888 410 2930 se
426 2871 490 2948 quis
506 2871 704 2950 infirmiorem
719 2888 787 2930 esse
805 2870 896 2938 dicst;
919 2870 976 2930 duo
992 2871 1067 2929 inter

59 2973 93 3013 se
110 2958 305 3035 comparativa
322 2956 538 3016 committimus:
560 2954 597 3016 Si
612 2965 655 3030 te,
673 2952 820 3030 Catilina,
837 2955 1065 3034 comprehendi,

59 3040 88 3101 si
108 3039 240 3120 interfici
262 3041 400 3103 iussero:
421 3039 532 3115 credo,
561 3040 620 3102 crit
640 3041 808 3102 verendum
830 3039 920 3115 milui,
947 3057 987 3099 nc
1007 3056 1066 3109 non

59 3125 118 3186 lcoc
128 3127 232 3203 potitis
245 3125 432 3186 omnssboni
445 3125 547 3184 serius
562 3143 583 3186 u
596 3143 644 3184 me
661 3139 753 3202 quens
770 3124 932 3202 quicquum
952 3122 1066 3184 crude-
1151 3180 1156 3187 .

59 3209 120 3269 iius
139 3209 257 3286 fuctum
276 3227 343 3271 csse
358 3209 452 3270 dicut.
490 3207 562 3267 Sunt
577 3216 607 3266 et
628 3206 679 3267 ills
696 3224 754 3267 non
770 3207 871 3267 similia
887 3204 1065 3266 soloecismo
1073 3211 1110 3261 uo

61 3291 177 3371 quidem
198 3292 251 3352 sed
272 3301 367 3352 temen
387 3309 535 3351 numerum
557 3292 708 3366 mutantia,
733 3309 808 3369 quae
830 3299 859 3349 et
880 3291 972 3368 tropis
994 3286 1065 3347 essi·

61 3377 144 3452 gnari
158 3375 270 3452 solent,
288 3384 319 3436 ut
333 3375 371 3436 dt
386 3392 443 3436 uno
459 3374 610 3453 pluraliter
625 3373 768 3434 dicamus:

146 3458 211 3521 Sed
225 3479 281 3522 nos
301 3461 479 3522 immensum
497 3460 608 3538 sputis
624 3458 810 3537 confecimus
824 3472 963 3534 aequor,-

104 3547 329 3605 nr.r.ou1ur1n.ll
855 3600 858 3605 ,
886 3536 914 3597 Q
