2408 3854
346 199 728 269 rssn.ouuron.n1e.x,
743 202 767 252 1.
885 232 887 237 -
1012 193 1070 256 163

69 356 163 414 levem
183 356 385 434 consequimur
399 355 542 429 umbram,
559 353 633 415 adeo
648 364 680 415 ut
693 357 760 416 mihi
776 375 871 417 sermo
889 361 954 437 ipse
966 357 1070 421 Roma·

68 457 122 497 nus
138 454 194 496 non
209 439 344 517 recipere
366 439 498 500 rideatur
516 437 596 499 illam
617 437 689 499 solis
711 457 882 501 concessam
900 440 1005 502 Atticis
1020 463 1071 503 ve·

68 540 182 597 nerem,
207 539 271 581 cum
292 540 355 583 eam
377 542 413 584 ue
433 522 537 584 Graeci
559 524 673 601 quidern
694 524 723 583 in
744 524 801 584 alio
822 542 933 602 genere
954 524 1070 604 linguae

68 605 251 666 obtinuerint.
281 605 402 684 'l'ogatis
420 604 541 667 excellit
564 606 757 689 Afranium
779 609 886 669 utinam
905 626 963 668 non
979 611 1070 688 iuqui-

67 698 164 750 nasset
176 700 343 767 argumenta
353 708 508 769 puerorum
516 689 610 751 foedis
620 690 765 751 amoribus
776 709 873 752 mores
881 710 951 752 suos
963 692 1069 754 lassus.

151 773 189 833 At
205 790 262 835 non
279 773 442 835 historia
464 776 588 834 cesserit
603 772 733 852 Graecis,
749 793 805 836 nec
824 792 976 856 opponere
994 776 1128 841 'l'hu-lol

66 856 162 933 cydidi
177 857 394 918 Sallustium
410 874 524 918 verear.
550 856 653 935 Neque
665 858 828 937 indignetur
839 859 894 920 sibi
904 859 1070 922 Herodotus

66 943 185 1020 aequari
200 940 232 1001 T.
245 941 325 1001 hivi
335 960 403 1019 nm,
428 960 492 1003 curn
507 943 536 1001 iu
549 942 691 1002 narrando
707 944 796 1003 mirae
810 944 993 1005 iucunditatis
1012 945 1069 1004 cla·

65 1025 229 1104 rissimique
251 1024 383 1086 candoris
402 1035 461 1086 tum
482 1025 712 1101 incentionibus
733 1044 821 1105 supra
844 1044 928 1107 quarn
943 1030 1070 1088 enarrari

65 1118 164 1189 potest
180 1109 380 1187 eloquentem:
403 1111 441 1171 ita
464 1127 539 1188 quae
564 1108 696 1169 dicuutur
718 1111 811 1170 omnia
828 1128 891 1170 cum
909 1111 1070 1171 reboatum

65 1195 199 1273 personis
221 1192 438 1254 accommodata
458 1202 537 1263 suum
562 1193 683 1255 affectus
707 1193 837 1273 quidem,
853 1197 1070 1274 praecipueque

52 1295 120 1362 ,eos
138 1279 266 1356 quisunt
281 1277 439 1354 dulciores,
455 1285 486 1338 nt
502 1278 672 1358 parcissime
687 1278 796 1353 dicam,
814 1293 899 1337 nemo
915 1277 1069 1338 historico·

52 1378 127 1422 ¹num
143 1361 352 1422 commendavit
369 1363 470 1439 magis.
497 1359 627 1440 Ideoque
642 1359 831 1422 immortalem
846 1361 925 1422 illam
940 1361 1071 1422 Sallustii
1077 1371 1129 1425 lot

65 1445 251 1506 velocitatem
276 1444 399 1506 diversis
428 1444 580 1505 virtutihus
606 1454 781 1506 consecutus
806 1455 860 1505 est.
904 1443 975 1506 Nam
1004 1441 1070 1506 mihi

66 1531 188 1608 egregie
207 1529 316 1589 dixisse
331 1530 447 1590 videtur
465 1528 650 1590 Servilius
671 1528 880 1605 Nonianus,
899 1546 999 1609 poros
1019 1548 1071 1591 eos

64 1615 164 1692 magis
177 1630 268 1693 qurum
282 1615 416 1681 similes:
438 1612 486 1692 qui
509 1620 537 1671 et
557 1615 622 1691 ipse
644 1612 760 1673 anobis
778 1613 890 1673 auditus
911 1622 971 1688 est,
1000 1613 1071 1673 clari

64 1698 109 1756 vir
120 1697 227 1774 ingenii
243 1704 272 1757 et
289 1698 439 1756 sententiis
456 1696 560 1756 creber
575 1695 628 1758 sed
644 1698 737 1756 minus
747 1713 867 1775 pressus
885 1713 969 1774 quam
980 1694 1070 1755 histo·

64 1782 125 1840 riae
154 1781 311 1840 auctoritas
333 1779 472 1859 postulat.
515 1778 606 1853 Quam
632 1778 747 1857 paulum
772 1787 868 1839 aetate
889 1778 1129 1858 praecedenslot

65 1882 130 1924 eum
147 1864 283 1924 Bassus
300 1863 471 1923 Aufidius
488 1863 626 1941 egregie,
649 1863 748 1940 utique
768 1863 797 1921 in
814 1860 895 1921 libris
911 1861 982 1923 belli
1000 1860 1070 1923 (ier-

64 1949 183 2023 manici,
200 1948 361 2026 praestitit,
385 1963 495 2024 genere
517 1947 582 2025 ipso
604 1945 764 2025 probabilis
780 1947 809 2005 in
824 1944 955 2005 omnibus
974 1945 1071 2006 sedin

64 2031 234 2110 quibusdam
250 2032 309 2090 suis
324 2033 388 2109 ipse
402 2029 511 2090 vinitas
529 2030 630 2090 minor.
667 2029 811 2109 Superest
828 2028 921 2089 adhuc
937 2036 967 2089 et
985 2045 1130 2101 error-104

63 2125 112 2176 nat
127 2117 231 2175 aetatis
247 2123 365 2175 nostrae
388 2113 511 2192 gloriam
534 2115 579 2174 vir
593 2114 777 2174 saeculorum
795 2114 934 2174 memoria
954 2113 1069 2191 dignus,

64 2200 113 2278 qui
129 2198 200 2258 olim
218 2198 418 2275 nominabitur,
438 2216 513 2258 nunc
527 2198 705 2277 intelligitur.
737 2196 831 2259 llahet
846 2206 991 2258 amatores
1014 2215 1071 2258 nec
1092 2210 1110 2249 t

63 2285 247 2358 imitatorem,
264 2292 296 2343 ut
313 2283 359 2343 cni
373 2281 504 2359 libertas,
520 2286 687 2363 'quanquam
699 2282 876 2342 circumcisis
892 2300 968 2362 quae
982 2282 1070 2343 dixis·

64 2375 126 2442 set,
147 2367 291 2427 nocuerit.
330 2366 389 2427 Sed
410 2366 516 2427 elatum
537 2367 651 2428 abunde
668 2367 798 2447 spiritum
814 2375 844 2426 et
861 2365 989 2427 audaces
1004 2383 1070 2426 sen-

63 2450 168 2510 tentias
183 2449 386 2527 deprehendas
404 2452 490 2511 etiam
505 2451 533 2509 in
548 2451 600 2527 iis,
624 2467 698 2529 quae
720 2458 844 2510 manent.
884 2450 956 2510 Sunt
974 2447 1071 2509 etalii
1184 2517 1192 2527 ‚

63 2533 224 2610 scriptores
240 2531 319 2608 honi,
338 2532 391 2592 sed
406 2550 460 2594 nos
474 2551 585 2610 genera
601 2533 786 2610 degustamus
802 2549 860 2592 non
876 2531 1070 2591 bibliothecas

63 2616 235 2675 excutimus.
921 2643 927 2655 ·

149 2696 335 2757 Oratores
361 2711 433 2758 vero
464 2699 514 2759 vel
545 2699 704 2778 praecipue
724 2697 850 2758 Latinam
875 2697 1071 2775 eloquentiam
1078 2712 1130 2765 105

63 2800 163 2862 parem
174 2781 274 2842 iacere
287 2779 418 2843 Graecae
429 2783 551 2860 possint.
578 2779 650 2842 Nam
668 2780 891 2843 ciceronem
907 2780 1069 2860 cnicnuqnc

64 2884 163 2926 eornrn
179 2866 293 2926 fortiter
308 2866 506 2944 apposuerim.
543 2863 607 2925 Nea
627 2865 747 2942 ignoro,
768 2873 901 2944 qraumm
916 2862 984 2924 mihi
1000 2881 1068 2926 oon·

64 2951 150 3009 uitem
168 2967 307 3029 pugnam,
334 2966 398 3009 cum
412 2948 584 3028 praesertim
598 2965 656 3009 uon
677 2951 714 3009 sit
728 2949 756 3009 id
773 2950 933 3028 propositi,
957 2956 988 3007 ut
1004 2967 1068 3008 eum

63 3032 252 3093 Demostheni
274 3049 439 3111 comparem
470 3032 528 3099 hoo
552 3040 702 3112 tempore;
729 3050 825 3112 neque
854 3033 929 3092 enim
956 3033 1067 3107 attinet,

65 3133 129 3176 curn
144 3114 371 3178 Demosthenem
388 3118 416 3176 in
427 3118 526 3196 primis
536 3116 691 3194 legendum
705 3117 753 3177 vel
769 3115 955 3179 ediscendum
969 3117 1067 3193 potins

63 3209 171 3279 putem.
220 3199 350 3273 Quornrn
375 3217 431 3278 ego
459 3202 581 3261 virtutes
611 3200 769 3280 plerasque
796 3199 921 3261 arbitror
948 3198 1068 3274 similes,
1078 3209 1128 3263 106

64 3284 232 3359 consilium,
249 3283 396 3361 ordinem,
414 3283 575 3360 dividendi,
591 3284 800 3364 praeparandi,
823 3278 964 3363 probandi
980 3283 1068 3340 ratio·

62 3384 145 3444 nem,
170 3367 263 3428 omnia
286 3367 412 3447 denique
434 3376 597 3448 quaesunt
625 3369 807 3429 inventionis.
846 3365 879 3426 ln
901 3363 1072 3440 eloquendo

63 3460 109 3514 est
124 3450 221 3530 aliqua
236 3450 403 3523 diversitas;
420 3453 539 3514 densior
554 3452 605 3513 ille
619 3452 669 3514 hic
685 3442 1102 3589 eopiosior,tphppouchudo
