2408 3854
361 229 795 297 tnsu.onnnon.n1n.rx‚u.
1016 223 1075 283 109

65 394 132 461 est,
156 393 187 443 ut
212 385 313 444 nescio
337 384 403 463 quid
425 384 516 462 illud,
534 385 612 464 quod
630 387 790 446 adversarii
811 385 935 466 obliquis
958 396 1073 448 senten·

65 469 114 530 tiis
134 468 299 545 significare
316 466 476 544 voluerint,
501 471 525 528 si
541 469 645 530 fiducia
666 473 719 546 sit,
738 468 874 530 obiiciant
889 470 1000 550 palam;
1025 482 1073 533 aut

66 561 150 614 certe
169 567 226 611 non
246 553 379 629 exigant,
395 561 441 629 ut,
459 554 537 632 quod
551 554 607 633 ipsi
625 572 681 614 uon
697 553 803 614 audent
819 555 934 631 dicere,
958 555 986 614 id
1001 557 1073 617 iudi·

66 654 119 697 ces
131 652 189 695 non
204 634 291 695 modo
303 634 466 713 intelligant
480 637 533 697 sed
549 640 634 697 etiam
652 638 781 698 credant.
817 638 903 699 Utilis
920 641 1005 699 etiam
1021 641 1115 701 ali-95

65 720 182 801 qumdo
198 719 386 780 dissimulatio
400 729 461 793 est,
477 730 508 780 ut
519 723 547 780 in
563 740 616 799 eo,
634 722 717 801 (nota
733 725 809 783 enim
823 722 920 783 fabula
936 725 996 805 est)
1013 724 1072 802 qui,

24 813 27 820 '
65 822 131 864 cum
145 812 228 864 esset
245 813 345 867 contra
362 822 426 864 eum
441 805 561 882 dictum,
577 805 656 867 lara
668 825 728 886 per
738 809 863 886 patroni
877 809 922 869 rut
936 809 1072 870 cinerem

65 896 198 967 paratum
209 905 242 947 se
254 905 322 948 esse
335 889 500 966 respondit,
519 898 549 949 et
564 889 651 950 iudex
663 889 835 951 condicione
850 909 920 951 usus
935 901 996 968 est,
1014 893 1072 953 ola·

65 979 161 1032 mante
180 971 298 1032 multum
312 971 472 1049 advocato,
497 973 644 1034 schemata
661 974 696 1033 de
712 992 807 1033 rerum
825 984 925 1036 natura
942 975 1022 1044 tolli;
1043 986 1073 1036 ut

65 1058 196 1135 protinus
219 1058 303 1116 etiam
323 1067 512 1136 praeceptum
528 1059 581 1133 sit,
607 1058 746 1118 eiusmodi
761 1058 861 1136 liguris
880 1059 1017 1119 utendum·
1029 1070 1070 1120 te·

65 1157 145 1200 mere
164 1156 223 1199 non
240 1157 317 1200 esse.

150 1222 461 1302 Tertiumestgenus‚
484 1226 512 1284 in
529 1243 586 1303 quo
602 1225 666 1285 sola
688 1225 825 1286 melius
849 1226 1001 1285 dicendi
1021 1237 1112 1304 pe·96

65 1308 133 1368 titur
154 1309 288 1377 occasio;
317 1308 444 1388 ideoque
464 1308 492 1368 id
515 1306 620 1370 cicero
641 1326 699 1370 non
714 1318 796 1390 putat
816 1326 884 1368 esse
900 1311 1025 1388 positum
1042 1311 1070 1369 in

65 1393 260 1452 contentione.
309 1392 380 1453 Tale
405 1403 450 1452 est
475 1392 561 1469 illud,
589 1411 646 1471 quo
673 1395 748 1455 idem
773 1395 860 1454 utitur
876 1395 903 1451 iu
923 1391 1069 1454 Clodium:

64 1473 269 1553 omousius,
288 1478 341 1555 qui
356 1479 458 1538 omnio
471 1478 629 1557 sacrificia
643 1488 760 1555 nosset,
779 1478 875 1558 facila
893 1478 934 1539 cd
948 1498 982 1538 se
997 1480 1071 1540 deca

61 1561 188 1640 placari
198 1579 290 1639 posse
306 1561 531 1623 arbitrabatur.
573 1560 668 1622 lronia
691 1580 808 1642 quoque
830 1564 859 1621 in
881 1561 939 1622 hoc
960 1572 1111 1640 generati

63 1646 201 1705 materiae
216 1645 449 1724 frequentissima
465 1653 519 1705 est.
544 1646 603 1707 Sed
619 1647 840 1707 eruditissimum
856 1647 960 1724 longe,
977 1649 1071 1725 siper

63 1728 149 1788 aliam
176 1747 237 1788 rem
264 1727 320 1789 alia
344 1728 501 1789 indicetur:
531 1739 562 1789 ut
586 1730 726 1790 adversus
748 1739 913 1806 tyrannum,
939 1733 988 1809 qui
1015 1730 1068 1790 sub

63 1821 150 1891 pacto
171 1811 336 1873 abolitionis
352 1813 572 1873 dominationem
593 1813 785 1893 deposuerat,
803 1815 863 1891 agit
883 1815 1067 1891 competitor,

62 1892 190 1957 Midian
207 1905 235 1958 te
252 1897 357 1958 dicare
378 1917 437 1958 oon
458 1898 544 1974 licet,
565 1907 597 1958 tu
612 1900 645 1959 irs
667 1917 714 1958 mc
729 1899 780 1959 dic
800 1907 829 1958 et
845 1906 951 1975 poteo,·
971 1916 1088 1983 nuper,

62 1989 91 2041 te
104 1980 188 2041 volui
200 1980 351 2043 occidere.
380 1979 530 2059 Frequens
541 1980 612 2041 illud
624 1991 669 2041 est
683 1998 739 2040 nec
753 1997 931 2060 magnopere
948 1990 1107 2060 captam-98

62 2064 145 2139 dum,
159 2063 236 2142 quod
249 2066 356 2143 petitur
371 2066 595 2125 aiureiurando:
614 2074 644 2124 ut
657 2083 711 2144 pro
726 2064 919 2140 exheredato,
933 2065 983 2126 lta
996 2067 1068 2126 milri

62 2149 342 2226 continqotlterede
355 2149 417 2227 filio
431 2151 518 2211 mori.
541 2148 614 2209 Nam
630 2158 659 2209 et
674 2151 702 2209 in
718 2159 807 2210 totum
821 2151 932 2226 iurare,
949 2151 1004 2208 nisi
1018 2149 1067 2209 ubi

62 2248 187 2292 necesse
212 2241 272 2308 est,
293 2235 375 2310 gravi
400 2233 463 2293 viro
489 2251 589 2312 parum
616 2236 768 2311 convenit,
796 2243 825 2296 et
846 2243 892 2294 est
914 2252 930 2294 a
950 2235 1064 2294 Seneca

59 2316 168 2381 dictum
179 2317 347 2393 eleganter,
363 2333 420 2377 non
433 2326 618 2395 patronorum
630 2318 687 2379 hoc
700 2337 768 2380 esse
784 2319 836 2379 sed
847 2320 969 2379 testium.
1001 2317 1065 2379 Nec

61 2409 190 2460 meretur
211 2400 311 2475 iidem,
334 2403 382 2479 qui
402 2401 594 2462 sententiolae
614 2405 706 2480 gratia
729 2406 818 2479 iurat,
845 2405 898 2463 nisi
920 2405 945 2463 si
966 2411 1065 2482 potest

61 2492 118 2543 tam
143 2483 219 2543 bene
242 2502 325 2562 quam
351 2483 581 2561 Demosthenes,
607 2495 743 2567 utsupra
767 2487 834 2546 dixi.
876 2485 1106 2558 levissimumpp

62 2575 157 2627 autem
168 2568 257 2647 longe
272 2587 366 2646 genus
385 2586 422 2628 ex
437 2569 545 2645 verbo,
564 2572 676 2630 etiamsi
695 2580 741 2630 est
755 2570 832 2649 apud
846 2568 1017 2629 Ciceronem
1035 2571 1063 2630 in

61 2647 209 2711 Clodiam:
234 2650 420 2714 Praesertim
440 2671 531 2731 qaam
547 2671 650 2714 omnes
666 2656 797 2715 amicam
813 2655 944 2714 mnodum
962 2653 1064 2731 potius

61 2750 153 2813 paam
171 2739 350 2815 cuiusquam
364 2738 519 2799 inimicam
532 2745 726 2816 putaverant.

148 2821 460 2900 Comparationem
485 2819 619 2899 equidem
642 2820 728 2881 video
755 2820 875 2899 figuram
900 2838 957 2881 non
984 2831 1126 2899 csse‚100

61 2920 126 2963 oum
149 2905 187 2964 sit
209 2906 321 2965 interim
343 2903 522 2983 probationis
544 2905 656 2964 interim
675 2906 759 2965 etiam
777 2922 883 2965 causae
898 2923 1006 2983 genus,
1037 2914 1066 2967 et

59 2986 98 3046 sit
121 2987 188 3048 talis
210 2991 273 3050 eius
295 2989 402 3064 forma,
426 2989 519 3068 qualis
541 2997 586 3048 est
606 3005 660 3067 pro
679 2988 812 3050 llurena:
834 2987 949 3069 Vipilos
971 3001 1004 3053 tu
1023 2992 1063 3052 de

58 3079 165 3148 nocte,
181 3082 214 3134 stt
231 3075 291 3134 tuis
306 3074 529 3136 cmuultorr'daa
542 3075 748 3154 respondeus,
764 3075 831 3150 itte,
847 3082 898 3151 at,
917 3092 976 3153 qao
991 3094 1062 3138 ooo·

59 3155 174 3233 deradit,
195 3166 315 3220 matura
332 3177 402 3220 cum
416 3159 554 3221 exercitu
567 3159 743 3237 percentac·
763 3165 792 3220 tc
811 3159 962 3239 potarum
980 3160 1066 3220 illam

59 3239 262 3302 baccimram
278 3249 386 3303 cantas
398 3245 567 3303 cumcitct
581 3251 610 3301 et
625 3251 734 3302 cetera.
754 3240 864 3303 Nescio
880 3261 916 3303 an
928 3243 1066 3305 orationis
1074 3253 1120 3306 lul

60 3325 255 3404 potiusquam
270 3325 430 3387 sententiae
445 3327 490 3385 sit.
516 3323 548 3386 ld
564 3327 637 3385 enim
652 3326 746 3386 solum
756 3335 894 3402 mutatur,
912 3326 989 3405 quod
1004 3342 1061 3385 non

60 3409 196 3468 universa
211 3411 355 3470 universis
371 3409 423 3470 sed
440 3409 551 3487 singula
568 3409 689 3488 siugulis
704 3420 899 3490 opponuntur.
943 3408 981 3470 ltu
995 3407 1062 3471 (lel-

61 3508 112 3551 sus
127 3502 222 3554 tamen
238 3502 268 3554 et
282 3510 339 3553 non
354 3493 508 3572 negligens
523 3503 625 3556 auctor
636 3494 776 3556 Visellius
791 3495 820 3554 in
834 3493 890 3555 lnac
905 3503 1072 3572 camparte
