2408 3854
137 204 178 267 ⁹2
455 215 817 275 rs.sse.qumr1n1ss1

138 381 168 434 ct
182 374 336 435 revocatio
349 372 447 448 oerhi,
463 377 493 431 et
507 370 573 447 illa,
589 385 670 449 quoe
680 370 819 432 similiter
833 371 977 431 desinunt
993 378 1048 431 aut
1063 385 1145 450 quac

138 457 256 519 cadunt
272 457 411 518 sirniiiter
431 462 487 516 cut
513 468 593 532 quae
615 452 747 532 poribus
772 455 868 533 paria
888 455 1068 534 referuntur
1089 459 1145 516 aut

94 555 218 618 acquae
231 549 303 602 sunt
315 542 397 601 inter
410 557 445 600 sc
463 538 586 600 simiis.
626 533 684 598 Est
706 537 797 599 ctiam
817 538 964 616 qrodctio
986 538 1144 616 quaedam

137 631 167 685 ct
180 625 339 686 conversio
354 630 382 684 st
396 621 558 684 ombmum
573 623 725 683 concinna
741 623 956 701 transqressim
972 628 1003 684 ct
1018 629 1141 685 contro·

135 712 217 770 rium
232 716 262 769 ct
276 707 472 782 dissolutum,
490 713 521 768 et
535 705 700 766 declinatio
717 712 746 766 et
762 706 970 785 reprehensio,
988 714 1018 768 et
1034 707 1141 768 cucho-

136 791 228 852 motio
244 799 274 853 et
287 791 472 859 imminutios
493 798 522 850 et
548 790 630 867 quod
649 790 683 851 in
699 789 802 850 multis
824 790 949 852 cambus
964 788 1094 869 ponitur
1114 796 1145 852 ct

137 875 218 952 quod
232 875 272 935 de
289 875 418 954 sinqulis
432 872 526 935 rebus
541 874 707 952 propositis
722 873 848 936 ductum
867 874 1004 952 refertur
1019 873 1065 936 od
1077 875 1143 936 sin·

133 959 219 1036 quio,
235 967 265 1020 et
281 959 326 1019 od
338 959 530 1038 propositum
543 958 682 1021 subiecto
696 958 777 1018 raho
792 959 903 1020 etitem
918 958 951 1018 in
970 957 1145 1020 dismbutis

94 1058 128 1111 35
137 1043 298 1121 supposito
323 1044 422 1112 rutios
444 1050 472 1104 ct
492 1042 655 1120 permissio
676 1048 706 1103 et
725 1059 837 1103 rursus
857 1041 923 1103 aiio
948 1041 1099 1104 dubimio
1115 1050 1145 1102 ct

135 1126 333 1204 improvisum
348 1125 521 1205 quiddams
546 1132 576 1188 ct
595 1125 799 1188 dinumeratio
821 1134 850 1188 ct
865 1126 931 1186 ahia
948 1126 1101 1188 eorrectio
1114 1132 1145 1187 st

136 1210 308 1289 dissipato,
325 1220 354 1273 ct
368 1211 576 1273 continuatum
595 1217 624 1270 ct
637 1210 856 1288 interruptam,
880 1217 910 1270 et
924 1209 1026 1288 imoqo
1042 1216 1072 1270 ct
1085 1208 1145 1271 sihi

134 1295 197 1372 ipsi
207 1297 377 1374 responsio,
394 1303 423 1356 et
432 1294 599 1354 immutatio
616 1301 645 1356 ct
658 1294 832 1370 disiunctio,
849 1302 877 1355 et
886 1293 964 1355 ordo
978 1300 1008 1354 et
1022 1293 1142 1369 rohaha

94 1387 165 1450 sect
182 1379 333 1458 diqressio
348 1385 377 1439 et
392 1378 645 1452 circumscriptio.
675 1375 763 1439 Haec
782 1379 863 1438 enim
878 1385 949 1440 sunt
966 1376 1036 1457 fere
1050 1384 1144 1455 atquc

136 1462 243 1522 horum
257 1463 371 1524 similia
387 1463 542 1540 sciptura
557 1462 649 1522 ctiam
660 1480 725 1523 esse
737 1470 874 1541 possunt,
890 1458 973 1541 ‘quae
987 1461 1145 1523 sententiis

136 1547 305 1606 orationem
319 1546 544 1623 uerborumque
560 1545 851 1624 conformationibus
865 1546 1044 1607 illuminent.

221 1626 331 1689 Eodem
360 1636 426 1688 sunt
454 1631 482 1688 in
504 1627 628 1689 Oratore
649 1628 771 1707 plurimu
798 1645 856 1689 non
878 1630 972 1689 omnia
994 1636 1091 1688 tamen
1114 1635 1144 1688 et

137 1712 226 1791 paulo
241 1714 334 1790 magis
349 1713 494 1788 distincta,
519 1713 586 1790 quis
602 1720 671 1791 post
686 1715 825 1773 orationis
843 1722 873 1772 et
889 1713 1096 1773 sententiarum
1111 1711 1142 1773 fl·

136 1814 223 1874 goras
237 1798 353 1856 tertium
376 1797 520 1875 quendam
542 1794 666 1856 subiecit
688 1796 784 1857 locum
806 1798 842 1858 ad
860 1797 943 1874 altas,
965 1804 997 1856 ut
1011 1798 1077 1875 ipse
1092 1795 1142 1871 sit,

95 1880 218 1959 37qussi
235 1882 357 1940 mrtutes
374 1880 489 1941 dicendi
507 1881 714 1958 pertinentem:
741 1877 783 1942 Et
796 1882 937 1959 reliquo,
954 1898 994 1940 ea
1009 1881 1142 1942 coiioeo·

137 1967 216 2026 tionc
229 1964 393 2026 uerborum
409 1981 491 2044 quoe
504 1973 665 2026 sumuntur
680 1965 772 2042 quasi
785 1967 912 2041 lumino,
929 1982 1075 2043 muqnum
1092 1962 1142 2042 os·

134 2048 239 2126 serunt
255 2059 400 2110 ornatum
423 2049 567 2110 orationi.
604 2047 684 2110 Sunt
698 2049 778 2109 enim
793 2049 907 2110 similia
921 2048 997 2122 iilis,
1013 2064 1096 2125 quac
1110 2047 1144 2107 in

137 2134 238 2231 empto
258 2141 369 2194 ornatu
389 2150 504 2194 scenae
524 2137 579 2192 out
596 2132 659 2210 fori
683 2133 884 2211 appellantur
903 2133 1144 2209 insiqnia,non

96 2218 211 2293 asquia
225 2218 292 2278 sota
306 2223 415 2277 ornent
428 2216 486 2278 scd
500 2216 583 2315 quod
595 2216 757 2280 caeciiani.
798 2212 918 2278 Eadem
933 2216 1014 2276 ratio
1029 2222 1076 2277 cst
1089 2213 1144 2276 ho·

77 2354 80 2358 ,
137 2317 216 2375 rum,
232 2306 314 2377 quae
327 2305 398 2360 snut
410 2300 560 2362 orationis
575 2299 690 2360 humina
707 2308 736 2360 ct
750 2299 884 2378 quodam
897 2298 1009 2360 modo
997 2298 1144 2389 snsiqrsia,

138 2401 207 2444 cum
222 2392 277 2445 out
290 2382 491 2462 duplicantur
504 2385 717 2462 iteranturque
730 2383 826 2445 uerbo
841 2391 896 2445 ont
911 2382 1046 2445 breoiter
1061 2383 1143 2443 com·

137 2472 255 2528 mutata
276 2475 449 2545 ponuntur,
477 2475 532 2530 out
560 2468 600 2529 ab
625 2468 730 2530 codem
754 2467 849 2530 uerbo
872 2467 997 2530 ducitur
1012 2465 1145 2544 saepius

137 2551 237 2612 oratio
259 2553 341 2612 aut'
328 2570 361 2612 m
374 2551 457 2612 idem
479 2553 641 2614 coniicitur
660 2559 716 2613 out
729 2557 909 2631 utrumque,
927 2559 981 2611 aut
997 2549 1142 2629 cdiunqi·

138 2643 188 2696 tur
208 2636 289 2697 idem
310 2636 455 2697 iteratum
480 2643 535 2698 ont
553 2636 635 2696 idem
655 2636 699 2696 od
723 2641 891 2696 euhemum
913 2634 1068 2712 refertur,
1089 2639 1144 2695 uus

139 2722 327 2781 continenter
340 2738 434 2781 unum
449 2718 575 2781 uerbum
595 2736 655 2780 non
669 2719 702 2778 in
719 2718 828 2779 cadem
842 2717 992 2779 sententia
1007 2717 1142 2795 positar,

95 2813 131 2867 39
138 2812 192 2864 out
206 2823 275 2864 cnm
291 2804 432 2865 similiter
447 2803 497 2865 cei
511 2803 627 2864 cadunt
642 2802 739 2862 umba
753 2801 803 2862 oei
821 2801 983 2870 desinunts
998 2807 1055 2860 aut
1064 2799 1142 2861 mul·

138 2888 177 2947 tis
192 2889 291 2948 modis
310 2888 476 2949 contrariis
500 2887 603 2948 relato
623 2886 800 2961 marcario,
822 2892 879 2946 out
900 2903 970 2946 cnm
984 2883 1143 2963 prodatim

137 2989 261 3032 sursum
275 2989 385 3032 cereus
399 2972 538 3046 reditur,
554 2976 609 3030 ont
625 2969 752 3031 demotis
767 2967 1030 3030 concoctionibus
1045 2966 1143 3028 disso-

137 3055 199 3116 lute
210 3057 306 3135 ptura
326 3055 487 3130 dicuntur,
507 3060 561 3116 ant
584 3071 655 3115 cnm
674 3053 794 3131 aliquid
811 3058 1064 3131 proetereuntes,
1085 3067 1144 3112 cur

137 3138 173 3200 id
184 3139 351 3239 faciamus,
366 3139 563 3217 ostendimus,
580 3145 635 3199 aut
646 3155 715 3198 cum
726 3137 909 3215 corripimus
921 3136 1061 3197 nosmet
1047 3152 1143 3214 ipsos,

139 3223 231 3301 quasi
248 3222 523 3302 reprehendentes,
550 3228 605 3283 aut
631 3221 662 3283 si
686 3227 731 3282 est
754 3221 861 3298 aliqua
888 3220 1075 3282 cochomotio
1095 3217 1145 3281 oei

139 3308 420 3369 admirationisve!
438 3305 674 3386 conquestionis,
698 3311 753 3366 out
772 3323 842 3366 cum
863 3305 999 3367 eiusdem
1014 3302 1144 3366 nonsirn‘s

96 3395 233 3452 weasos
264 3393 390 3470 saepius
425 3396 657 3453 commutantur
708 3385 935 3450 Sententiarum
963 3393 1144 3450 ormmcnto

139 3474 262 3536 maiora
290 3485 380 3546 sunts
410 3474 520 3554 quihus
551 3475 624 3551 quio
653 3473 899 3551 frequentissime
926 3469 1144 3533 Demosthenes
