2408 3854
120 187 161 248 44
439 192 801 254 u.1rsn.QU1ur1n1su1

119 351 194 412 omni
206 367 294 429 porro
307 352 425 412 materia
440 351 494 410 tria
503 367 570 409 esse
580 348 755 427 quaerenda,
772 367 808 409 nn
821 351 872 426 sit,
890 349 957 429 quid
971 351 1020 428 sit,
1036 348 1123 430 quale

118 437 163 496 sit.
201 435 252 494 llis
279 434 499 508 adiiciebamus,
523 432 774 493 demonstrativam
799 433 884 493 laude
913 451 948 493 sc
974 435 1121 514 vitupero·

117 521 195 579 tione
211 527 355 579 constare.
386 517 417 578 ln
431 534 482 594 ea,
500 535 574 595 quoe
586 517 622 577 ab
634 518 716 594 ipso,
732 515 768 576 de
785 533 843 595 quo
855 517 1035 594 diceremus,
1049 535 1123 598 quac

117 611 265 681 postcom
287 611 350 661 acta
367 610 481 676 essent,
508 601 681 660 intuendum.
715 599 779 660 lloc
800 617 874 678 opus
894 609 1017 661 tractatu
1033 601 1122 663 bone·

89 693 227 748 istorum
245 686 411 764 utiliumque
428 693 574 745 constare.
604 685 749 745 suasoriis
766 683 910 743 accedere
926 685 1040 745 tertiam
1059 702 1122 764 par·

118 780 175 829 tem
198 786 235 827 ex
257 770 440 845 coniectura,
459 777 598 846 possetne
620 768 697 843 lieri,
722 776 806 827 etan
828 776 908 827 esset
923 767 1066 845 futorum,
1088 769 1123 830 dc

118 870 174 932 quo
192 851 412 914 deliberaretur.
446 851 500 911 llic
514 852 672 929 praecipue
688 851 809 910 diximus
825 851 1030 929 spectandum,
1048 853 1123 932 quis,

117 936 193 1016 apud
209 954 310 1014 quem,
330 935 397 1016 quid
416 935 537 996 diceret.
571 933 748 996 ludicialium
768 951 918 994 causarum
932 935 1006 995 alias
1022 937 1053 995 in
1069 938 1120 996 sin·

116 1020 193 1098 gulis
209 1019 282 1080 alias
298 1021 326 1080 in
339 1018 469 1098 pluribus
486 1019 694 1079 controversiis
714 1019 895 1094 consistere,
913 1019 987 1078 etin
1006 1019 1128 1098 quibus·'

117 1106 181 1164 dam
206 1104 392 1163 intentionem
421 1104 522 1172 modo;
550 1102 750 1180 depulsionem
777 1119 865 1181 porro
887 1118 1000 1162 ornnem
1021 1103 1122 1164 inditia·
1158 1100 1160 1102 ’

4 1227 6 1233 .
117 1190 195 1247 tione
218 1186 341 1266 duplici,
364 1188 508 1247 factumne
533 1196 562 1246 et
583 1203 618 1245 au
640 1185 696 1246 boc
718 1185 824 1246 iactum
847 1195 944 1263 esset,
968 1195 1122 1265 praeterea

77 1270 287 1331 lodelensione
314 1289 350 1333 ac
375 1270 563 1331 translatione
589 1280 734 1330 constare.
776 1269 983 1344 Quaestionem
1012 1279 1062 1332 aut
1079 1288 1123 1334 ,ex

117 1356 226 1433 scripto
245 1363 374 1414 essesut
389 1373 427 1414 ex
442 1354 535 1414 iacto:
557 1353 654 1429 iacto,
672 1354 708 1414 de
722 1372 818 1414 rorum
832 1353 907 1429 lide,
931 1355 1122 1432 proprietate,

117 1439 269 1517 qualitate;
291 1439 417 1517 scripto,
438 1438 475 1498 de
499 1437 654 1497 verborum
677 1440 705 1497 vi
728 1437 953 1506 autvoluntate;
974 1437 1122 1516 inquibus

116 1525 161 1580 vis
179 1530 237 1581 tum
255 1540 405 1583 causarum
424 1530 483 1580 tum
501 1524 646 1582 actionum
663 1523 766 1600 inspici
786 1522 897 1597 soleat,
920 1538 1056 1601 quaeque
1078 1531 1125 1583 sut

118 1605 218 1683 scripti
239 1614 269 1665 et
292 1604 449 1665 voluntatis
470 1613 517 1664 aut
545 1607 762 1665 ratiocinatione
788 1614 835 1665 aut
862 1603 1056 1683 ambiguitatis
1078 1614 1124 1667 ant

77 1698 108 1752 11
118 1688 215 1766 legum
231 1690 437 1749 contrariarum
454 1690 555 1767 specie
568 1692 759 1750 continentur.
795 1688 827 1750 ln
839 1690 914 1749 omni
929 1705 1018 1767 porro
1037 1707 1125 1750 causa

116 1771 243 1832 iudiciali
273 1775 398 1852 quinque
424 1790 496 1832 esse
529 1783 644 1851 partes,
675 1791 792 1853 quarum
820 1772 942 1834 exordio
974 1773 1124 1835 conciliari

117 1856 296 1934 audientem,
326 1858 491 1918 narratione
513 1859 665 1935 proposita
694 1859 872 1932 coulirmari,
898 1856 1035 1934 refutari,
1059 1875 1123 1936 per·

75 1948 108 2000 12
119 1941 249 2001 oratione
276 1950 324 2002 aut
342 1943 507 2001 memoriam
523 1942 605 2001 reiici
626 1951 674 2003 aut
689 1943 798 2001 arsimus
813 1942 938 2000 moveri.
971 1939 1022 1999 llis
1039 1958 1124 2019 argn-

116 2024 259 2085 mentandi
286 2035 315 2085 et
343 2025 487 2085 alliciendi
509 2025 592 2086 locos
614 2035 642 2085 et
666 2025 770 2105 quibus
794 2024 950 2102 generibus
972 2025 1123 2100 concitari,

117 2108 243 2186 placari,
260 2108 369 2168 resolvi
387 2109 497 2168 iudices
514 2118 681 2188 oporteret,
698 2109 865 2170 adiecimus.
896 2107 1033 2169 Accessit
1050 2109 1123 2168 ratlo

118 2190 275 2250 divisionis.

204 2272 333 2335 Credere
349 2276 435 2335 modo
456 2277 504 2353 qui
522 2276 615 2336 discet
626 2277 706 2336 velit.
744 2274 832 2337 Certa
847 2280 988 2357 quaedam
1004 2279 1051 2338 via
1068 2287 1124 2356 est,

118 2366 147 2415 et
172 2358 200 2415 in
224 2375 279 2435 qua
294 2360 382 2418 multu
399 2361 485 2419 etiam
501 2361 563 2418 sine
580 2361 709 2421 doctrino
725 2369 876 2440 praestare
898 2362 1005 2423 debeat
1021 2380 1078 2440 por
1092 2380 1125 2422 sc

118 2440 181 2518 ipsa
196 2451 312 2518 natura,
329 2452 359 2502 ut
372 2442 459 2518 haec,
477 2443 513 2502 de
526 2442 628 2521 quibus
645 2445 703 2504 dixi
713 2489 724 2521 ,
738 2453 863 2503 nontam
876 2448 991 2506 inventu
1007 2463 1024 2505 a
1038 2463 1124 2525 prae·

119 2523 286 2602 ceptoribus
317 2543 417 2605 quam,
448 2545 512 2585 curn
542 2527 661 2603 fierent,
687 2527 841 2588 observata
872 2548 938 2591 esse
962 2528 1137 2589 videantur:

76 2605 184 2667 13Plus
208 2610 327 2687 exigunt
348 2609 457 2670 laboris
478 2620 507 2670 et
530 2629 633 2687 curae,
657 2627 731 2690 quae
754 2622 921 2690 sequuntur.
953 2612 1028 2672 llinc
1050 2613 1126 2673 enim

117 2693 172 2750 iam
189 2693 421 2754 elocutionis
444 2696 584 2754 rationem
606 2695 806 2771 tractabimus,
829 2706 941 2774 partem
957 2697 1076 2775 operis,
1096 2704 1126 2757 ut

117 2775 192 2833 inter
207 2793 306 2835 omncs
323 2787 455 2837 oratores
472 2779 623 2854 convenit,
649 2778 853 2838 difficillimam.
886 2781 959 2841 Nam
975 2779 1053 2840 etid.
1067 2779 1125 2840 An
1166 2848 1168 2852 Α

118 2860 230 2935 tonius,
252 2862 332 2918 dulus
348 2879 436 2939 supra
451 2860 600 2920 babuimus
616 2865 806 2938 mentionem,
832 2882 895 2924 cum
909 2884 930 2927 a
946 2885 980 2926 sc
995 2866 1127 2927 disertos

116 2945 197 3002 nisos
219 2963 285 3006 esse
302 2945 428 3021 multos,
452 2946 506 3020 ait,
530 2947 714 3024 eloquentem
729 2949 893 3011 nemiuem:
921 2949 1032 3010 diserto
1055 2947 1126 3009 sotis

117 3035 197 3104 putat
218 3027 317 3088 dicere
338 3046 412 3106 qnae
435 3037 585 3107 oporteat,
608 3040 709 3091 ornate
731 3040 825 3091 autem
848 3033 947 3092 dicere
977 3033 1126 3111 proprium

76 3113 185 3169 14esse
208 3110 447 3190 eloquentissimi.
485 3111 567 3186 Quae
587 3116 677 3173 virtus
700 3117 724 3174 si
745 3133 837 3193 usque
861 3116 897 3176 ad
915 3117 1024 3175 eumin
1042 3115 1125 3176 nullo

117 3204 234 3272 reperta
251 3205 312 3270 est,
335 3213 370 3254 ac
385 3214 421 3255 ue
437 3197 464 3254 in
482 3197 546 3274 ipso
564 3198 679 3274 quidem
694 3208 742 3258 sut
759 3197 790 3258 L.
808 3196 932 3260 Crasso:
950 3207 1061 3259 certum
1080 3207 1125 3259 est

118 3278 208 3337 ethis
232 3287 260 3337 et
284 3279 427 3356 prioribus
453 3297 515 3339 eam
539 3280 746 3358 desideratam,
769 3282 1032 3361 quia=diiiicillima
1059 3283 1122 3343 init.

116 3360 154 3421 Et
168 3361 282 3421 blancus
299 3361 410 3422 'lollius
428 3364 621 3423 inventionem
638 3365 752 3444 quidem
768 3383 802 3424 ac
820 3367 1040 3445 dispositionem
1055 3384 1123 3446 pru·

76 3445 209 3510 ibdeutis
231 3445 352 3505 hominis
377 3455 472 3525 putat,
498 3446 691 3527 eloquentiam
716 3451 850 3509 oratoris.
888 3449 1018 3530 ideoque
1038 3467 1123 3529 prae·
