2408 3854
123 168 162 228 24
430 181 467 229 m.
483 181 562 228 aaa.
578 180 799 240 qurnrrurnnr

121 338 158 396 sit
179 355 228 396 res
249 336 390 412 lucidior,
413 353 471 395 non
491 336 678 396 recedamus:
706 332 765 407 Qut
784 336 942 412 privatam
961 340 1130 416 pecuniam

78 422 159 483 tude
182 422 291 500 templo
313 421 481 499 surripuit,
503 421 661 498 sacrileqic'
678 437 753 480 reus
773 427 827 479 cst.
864 416 956 497 Culpa
976 422 1130 482 manifesta

121 514 179 573 est;
205 505 338 583 quaestio
362 513 423 579 est,
445 522 481 564 an
496 503 562 563 huic
578 503 686 562 crimini
702 519 821 578 nomen,
847 503 924 581 quod
941 513 986 564 est
1003 507 1037 564 in
1048 505 1129 583 lega,

120 589 281 648 conveniat.
309 587 390 665 Ergo
407 587 577 663 ambigitur,
598 583 648 648 An
661 587 717 648 boc
732 588 930 665 socmleqs'um
944 590 1006 649 sit?
1032 587 1118 650 Accu

120 681 213 745 sator,
235 673 300 750 quia
323 671 361 731 de
384 671 493 750 templo
515 678 648 749 surrepta
671 672 708 730 sit
727 672 868 749 pecunia,
892 673 978 731 utitur
1000 671 1059 733 hoo
1077 690 1126 733 uo·

118 756 203 815 mine.
246 755 344 832 Reus,
367 757 433 834 quia
454 755 593 833 privatam
611 754 799 833 surripuerit,
820 757 908 832 negat
924 773 991 815 esse
1006 754 1128 817 sadrile-

119 839 226 916 legium
247 839 300 899 sed
322 838 427 899 lurtum
448 839 564 899 latetur.
600 837 693 898 Actor
715 855 787 915 ergo
813 840 851 898 ita
873 838 966 914 liniet,
991 839 1129 909 Sacrile-

116 925 200 1000 9r‘nm
212 931 257 985 est
270 925 432 1003 corripere
443 923 562 1001 aliquid
577 924 616 984 dr
626 940 729 986 sacro.
760 921 840 981 Reus
854 924 892 983 ita
908 923 1003 1000 liuiet,
1019 923 1130 987 Sacri·

76 1008 227 1085 2tlcqr'um
242 1015 287 1068 cot
300 1009 461 1086 surripere
474 1008 595 1086 aliquid
608 1008 705 1070 sacri.
734 1004 865 1084 Uterque
877 1007 1036 1068 linitionem
1055 1008 1128 1069 alte-

119 1092 178 1151 rius
199 1092 355 1170 impugnat.
384 1090 427 1152 Ea
445 1090 558 1151 dnobus
579 1090 736 1167 generibus
757 1091 913 1166 evertitur,
936 1093 961 1151 si
982 1101 1031 1151 aut
1053 1092 1129 1153 false

121 1183 165 1234 est
180 1183 228 1234 aut
243 1192 343 1253 parurn
358 1176 455 1255 plena.
486 1174 558 1235 Nam
574 1173 644 1234 illud
658 1176 772 1234 tertium
792 1175 846 1233 nisi
867 1174 961 1234 stultis
977 1192 1035 1235 uon
1051 1177 1129 1237 acci·

76 1264 111 1318 24
120 1259 176 1333 dit,
205 1268 235 1318 ut
256 1258 325 1319 nihil
348 1260 384 1319 ad
400 1259 601 1338 quaestionem
621 1260 774 1337 pertineat.
807 1256 893 1318 Falsa
910 1268 970 1334 est,
994 1261 1019 1318 si
1035 1260 1129 1337 dicas,

118 1339 226 1421 Equus
238 1352 283 1405 cot
301 1343 420 1404 animal
435 1343 603 1414 rabsaci&
617 1360 681 1402 nam
697 1351 742 1402 est
759 1360 851 1421 equus
867 1342 971 1403 animal
988 1342 1042 1402 sed
1057 1344 1129 1404 irra-

118 1427 236 1486 tionale.
268 1425 354 1499 Quod
376 1434 471 1486 autem
493 1444 641 1487 commuue
667 1444 731 1486 cum
752 1426 810 1486 alio
833 1435 891 1502 est,
918 1426 1035 1487 desinet
1059 1444 1130 1487 esse

118 1511 275 1589 proprium.
310 1508 364 1570 llic
386 1528 454 1570 reus
469 1510 572 1571 salsam
586 1510 654 1570 dicit
669 1528 737 1571 esse
758 1510 916 1570 linitionem
934 1511 1128 1588 accusatoris,

118 1602 272 1655 accusator
297 1603 392 1656 autem
421 1611 478 1654 non
507 1603 606 1673 potest
631 1594 731 1654 dicere
757 1593 858 1654 lalsam
889 1596 949 1663 rei;
986 1613 1052 1655 nam
1082 1604 1129 1655 est

118 1678 303 1754 sacrilegium
314 1681 476 1759 surripere
485 1677 605 1758 aliquid
615 1680 720 1746 courir
736 1677 790 1737 sed
804 1678 874 1738 dicit
888 1696 988 1758 parum
999 1677 1129 1757 plenam,

77 1761 310 1825 25adiicicndum
337 1764 411 1823 enim
439 1772 494 1824 aut
520 1783 559 1824 en
583 1781 698 1827 sacro..
728 1760 867 1821 Maximus
890 1770 985 1822 autem
1005 1780 1078 1823 usus
1099 1763 1127 1821 in

94 1845 306 1924 ‘approbando
331 1846 555 1926 refellendoque
576 1846 632 1906 fine
659 1846 842 1924 propriorum
866 1863 901 1904 ac
923 1846 1129 1921 differentium,

118 1946 319 2009 nonuunquam
344 1932 428 1991 etiam
453 1930 659 2009 etymologiae.
697 1928 778 2002 Quae
805 1938 899 1989 tamen
920 1930 1031 2004 omnia,
1053 1930 1129 1989 sicut

117 2016 146 2072 in
164 2015 288 2090 ceteris,
308 2015 458 2075 confirmat
476 2016 624 2093 nequitus,
640 2030 842 2092 nonnunquam
857 2014 943 2073 etiam
958 2014 1129 2074 coniectura

117 2099 231 2156 mentis.
258 2096 444 2175 Enmnlogta
460 2100 582 2158 maxime
599 2115 664 2157 rara
679 2106 739 2156 est:
770 2095 853 2170 Ouid
873 2099 952 2163 euim
971 2105 1016 2159 cet
1040 2097 1129 2159 aliud

118 2182 238 2242 tumul
244 2190 321 2257 tuo,
340 2183 402 2242 nisi
412 2182 607 2260 perturbatio
622 2188 730 2259 touta,
744 2190 778 2242 ut
792 2183 892 2243 maior
913 2183 1028 2244 timor
1042 2182 1127 2249 oria<

75 2266 194 2332 uetur?
224 2261 312 2325 Unde
336 2267 427 2326 etium
451 2283 560 2327 nomeu
584 2267 707 2327 ductum
735 2273 781 2326 cst
804 2267 988 2326 tumultus
1043 2260 1129 2325 Circa

118 2348 237 2426 propria
254 2366 288 2407 ac
302 2347 464 2408 differentia
479 2366 582 2427 magua
598 2347 757 2409 subtilitas:
773 2357 884 2409 utcum
899 2349 1064 2426 quaeritur,
1079 2345 1130 2421 Ao

118 2433 282 2508 addictus,
304 2448 393 2511 quem
414 2433 468 2494 lcu
481 2435 616 2510 seruire,
639 2435 736 2496 donec
750 2434 889 2509 soluerat,
903 2434 1004 2508 iubet,
1019 2450 1130 2494 seruus

117 2516 179 2576 eta?
205 2515 308 2576 Altera
322 2533 391 2596 pars
407 2517 467 2577 linit
482 2518 538 2593 ita,
564 2515 682 2579 Seruus
695 2526 757 2594 cst,
776 2519 830 2595 qui
843 2524 889 2578 cet
903 2518 972 2578 iure
986 2518 1020 2577 in
1033 2516 1130 2578 seroi-

118 2607 200 2670 tute,·
222 2599 332 2675 altera,
353 2603 406 2680 qui
425 2604 458 2663 iu
478 2604 623 2664 seruitute
641 2610 685 2662 cst
699 2620 734 2663 eo
748 2603 834 2676 turc,
853 2616 913 2679 quo
926 2618 1053 2675 cernue,
1070 2608 1130 2673 aut,

118 2691 149 2743 ut
180 2685 287 2762 antiqui
316 2683 467 2763 dixerunt,
495 2688 547 2765 qui
571 2687 745 2749 servitutem
770 2687 872 2747 sarcit.
914 2683 996 2757 Quae
1025 2683 1128 2755 linitio,

120 2767 231 2827 etiamsi
246 2767 332 2829 distat
347 2768 463 2848 aliquo,
486 2771 541 2830 nisi
558 2778 653 2830 tamen
670 2770 796 2847 propriis
818 2778 846 2828 et
862 2766 1064 2831 differentibus
1079 2764 1129 2826 ad-

77 2852 248 2926 tiiuratur,
273 2854 364 2912 inanis
391 2862 446 2912 est.
488 2854 574 2915 Dicet
600 2855 675 2912 enim
705 2852 906 2928 adversarius,
932 2851 1047 2912 servire
1064 2867 1130 2910 eum

120 2936 287 2994 servitutem
303 2945 351 2996 aut
367 2953 404 2996 eo
420 2939 499 3013 iure,
519 2955 577 3017 qno
592 2955 717 2997 servum.
750 2936 907 2999 Videamus
924 2952 996 3014 ergo
1008 2933 1130 3014 propria

120 3027 149 3076 et
164 3018 341 3094 differentia,
364 3038 439 3099 quac
455 3020 530 3081 libro
547 3023 644 3100 quinto
662 3020 767 3081 leviter
787 3023 815 3079 in
830 3021 950 3081 transitu
964 3021 1127 3096 attigeram.

120 3102 246 3178 Servus,
268 3120 331 3162 cum
356 3106 575 3180 manumittitur,
603 3105 634 3163 lit
655 3103 824 3179 libertinus,
851 3103 983 3165 addictus
1006 3110 1130 3182 recepta

119 3185 253 3246 libertate
280 3189 435 3264 ingenuum
467 3205 570 3246 servus
594 3189 682 3248 invito
709 3188 823 3248 domiuo
852 3187 1042 3266 [libertatem]
1071 3201 1130 3246 non

120 3280 330 3348 consequetur;
353 3271 389 3331 ad
411 3288 526 3330 servum
547 3271 625 3331 nulla
647 3272 696 3333 lex
713 3274 858 3356 pertinet,
878 3271 1009 3331 addictus
1030 3269 1142 3347 legem.

119 3351 216 3412 habet.
250 3353 371 3432 Propria
394 3353 495 3430 liberi,
518 3373 592 3434 qnae
608 3373 693 3416 nemo
712 3355 799 3416 habet
819 3357 874 3414 nisi
889 3354 980 3429 liber,
1002 3368 1127 3432 praeno·

118 3453 200 3515 men,
217 3454 339 3512 nomeu,
357 3454 535 3516 cognomen,
554 3438 674 3515 tribum,
691 3439 778 3499 habet
793 3440 867 3501 haec
882 3438 1023 3499 addictus.
