2408 3854
141 159 197 224 1³8
473 169 834 232 murcomannum

136 313 283 404 invenias,
300 336 329 388 et
346 327 563 388 Anacreontion
578 328 709 405 protinus
725 325 812 386 colon
831 324 961 402 efficias,
980 328 1050 388 etsi
1069 328 1145 392 velis

137 413 302 488 trimetron,
325 421 354 472 et
375 410 453 490 quod
470 410 583 470 duobus
598 409 722 488 pedibus
739 420 768 470 et
786 417 870 489 parte
891 409 1107 492 πενθημιμερὲς
1128 431 1145 473 a

137 494 257 557 Graecis
271 496 392 570 dicitur,
410 494 528 554 ethaeo
544 495 637 555 omnia
653 495 682 552 in
696 492 787 553 tribus
803 492 917 564 verbis;
938 503 967 554 et
982 494 1144 572 Thucydidi

135 573 209 659 ὑπὲρ
231 572 322 658 ἥμισυ
338 581 434 660 Κᾶρες
453 571 606 656 ἐφάνησαν
629 597 666 638 ex
691 577 863 638 mollissimo
879 578 1075 653 rhythmorum
1092 599 1143 658 ge-

135 681 205 723 nere
226 665 343 726 excidit.

94 752 127 809 ts
217 747 276 809 Sed
299 750 365 826 quia
388 765 501 806 omnem
529 748 688 807 orationem
714 755 849 806 constare
876 746 1035 825 pedibus
1069 747 1143 809 dixi:

137 833 232 912 aliqua
256 831 292 892 de
313 831 357 892 luis
374 849 506 911 quoque;
532 849 653 910 quorum
672 833 785 891 nomina
808 830 874 908 quia
895 831 974 891 varia
1001 850 1068 892 esse
1086 842 1144 893 tra·

137 917 254 976 duntur:
278 914 507 976 constituendum
532 925 592 991 est,
616 932 674 993 quo
696 932 840 993 quemque
866 913 1059 993 appellemus.
1106 916 1145 976 itt

136 1000 251 1079 quidem
268 997 440 1060 Ciceronem
457 1017 579 1078 sequar,
603 1001 684 1079 (nam
708 1001 732 1058 is
756 999 997 1059 eminentissimos
1014 999 1143 1060 Graeco·

135 1102 198 1154 rum
219 1093 264 1145 est
287 1085 422 1164 secutus)
449 1092 576 1162 excepto
598 1083 676 1163 quod
696 1101 750 1161 pes
773 1083 840 1143 mihi
861 1083 913 1142 tris
936 1082 1065 1158 syllabas
1084 1102 1144 1145 uou

134 1169 248 1230 videtur
272 1167 434 1245 excedere,
458 1185 619 1247 quanquam
640 1167 692 1229 ille
707 1183 822 1247 paeone
838 1166 1048 1246 dochmioque,
1069 1186 1142 1247 quo·

213 1251 1143 1414 urimur‘trenortiotenutissimum

589 1381 598 1413 Ὶ

134 1423 237 1501 pedes.
274 1420 378 1498 Neque
399 1421 556 1488 immerito;
579 1420 718 1499 quidquid
732 1423 807 1480 enim
829 1437 917 1498 supra
932 1422 984 1480 tris
1000 1420 1141 1498 syllabas,

135 1506 163 1565 id
188 1514 234 1565 est
257 1522 295 1565 ex
320 1504 449 1583 pluribus
472 1503 605 1583 pedibus.
653 1502 734 1582 Ergo
760 1522 824 1565 cum
851 1512 985 1564 constent
1005 1514 1143 1583 quattuor

135 1588 227 1668 pedes
245 1587 336 1663 binis,
362 1596 429 1648 oeto
450 1590 555 1649 ternis:
580 1588 740 1668 spondeum
762 1589 857 1666 longis
879 1587 1004 1658 duabus;
1027 1588 1141 1667 pyrrhi·

135 1672 244 1749 chium,
259 1690 344 1751 quem
360 1673 407 1732 alii
423 1672 599 1751 pariambum
611 1681 734 1748 vocant,
750 1671 904 1741 brevibus;
921 1671 1044 1733 iambum
1057 1671 1142 1733 brevi

135 1757 296 1836 longaque;
316 1756 384 1816 huic
399 1758 573 1817 contrarium
589 1776 606 1817 e
622 1756 709 1835 longa
725 1766 754 1816 et
768 1755 851 1816 brevi
867 1756 1019 1834 choreum,
1036 1774 1095 1817 uon
1110 1765 1139 1817 ut

91 1841 124 1896 81
134 1841 181 1902 alii
204 1841 372 1901 trochaeum
393 1843 580 1900 nominemus.
622 1839 668 1901 Ex
690 1841 844 1916 hisvero,
868 1843 918 1919 qui
934 1850 1032 1901 ternas
1050 1840 1140 1917 sylla·

133 1926 185 1985 bas
199 1924 323 2001 babent,
342 1924 488 2001 dactylum
509 1925 597 2002 longa
621 1925 789 2002 duabusque
804 1923 957 1991 brevibus:
980 1924 1047 1985 huic
1068 1934 1139 1984 tem-

134 2009 254 2087 poribus
275 2026 375 2088 perem
388 2011 441 2070 sed
462 2018 638 2070 retroactum
660 2008 804 2088 appellari
821 2017 934 2069 constat
949 2017 1138 2087 anapaeston.

133 2093 227 2154 bledla
243 2095 318 2153 iuter
338 2094 441 2171 longas
459 2093 557 2153 brevis
574 2093 663 2153 faciet
680 2092 917 2171 amphimacrum,
934 2094 986 2153 sed
1001 2093 1138 2171 frequen·

91 2176 188 2237 &ttius
216 2178 277 2236 eius
298 2193 403 2236 nomen
426 2187 470 2237 est
494 2178 630 2237 creticus.
679 2176 779 2254 Longa
793 2180 868 2236 inter
882 2175 1006 2254 breves,
1029 2175 1139 2256 amphi-

131 2259 272 2335 brachym
290 2259 399 2321 duabus
413 2260 508 2338 longis
519 2255 639 2331 brevem
651 2260 840 2339 sequentibus
851 2260 1006 2335 bacchius,
1019 2260 1140 2321 totidem

132 2344 228 2421 longis
243 2342 363 2405 brevem
380 2345 624 2425 praecedentibus
639 2344 866 2424 palimbacchius
883 2345 947 2404 erit.
980 2342 1053 2404 Tres
1068 2343 1139 2405 bre-

131 2445 184 2488 ves
200 2427 384 2504 trochaeum,
403 2446 490 2508 quern
504 2428 671 2505 tribrachyn
685 2429 741 2489 diei
756 2428 873 2504 volunt,
889 2430 938 2507 qui
953 2427 1063 2489 choreo
1078 2437 1139 2488 tro·

134 2512 217 2572 chaei
237 2528 342 2572 nornen
363 2513 526 2591 imponunt;
550 2513 670 2574 totidem
690 2513 797 2595 longae
822 2512 973 2574 molosson
996 2512 1137 2573 eilicicut.

89 2595 239 2656 8³llorum
255 2596 361 2676 pedum
376 2596 472 2657 nullus
486 2614 545 2657 nou
559 2599 587 2657 in
603 2599 763 2658 orationem
777 2599 872 2672 venit,
888 2595 941 2656 sed
956 2614 1014 2674 quo
1031 2598 1139 2676 quique

132 2689 198 2740 sunt
221 2680 400 2760 temporibus
416 2681 565 2760 pleniores
582 2682 736 2760 longisque
753 2679 877 2757 syllabis
893 2682 985 2758 magis
1004 2679 1138 2757 stabiles,

131 2764 189 2824 hoc
211 2767 377 2841 graviorem
399 2765 507 2827 iaciunt
523 2767 700 2842 orationem,
725 2765 832 2826 breues
849 2765 978 2827 celerem
998 2783 1033 2826 ac
1047 2763 1138 2824 nobi·

131 2847 199 2907 lem.
243 2847 402 2928 Utrumque
417 2850 492 2911 loeis
506 2851 588 2911 utile.
632 2848 705 2911 Nam
720 2859 750 2910 et
767 2849 854 2926 illud,
872 2848 921 2910 ubi
937 2864 1011 2929 opus
1028 2857 1074 2910 est
1088 2867 1138 2909 ve·

132 2930 268 3007 locitate,
284 2929 394 2995 tardum
407 2943 435 2994 et
446 2951 555 3012 segne,
572 2943 602 2994 et
615 2932 690 3010 boc,
707 2933 755 2994 ubi
769 2934 883 3012 pondus
894 2935 1036 3013 exigitur,
1052 2951 1138 3012 prae·

90 3020 203 3092 strepa
218 3033 253 3076 ao
265 3017 409 3078 resultans
425 3021 528 3080 merito
541 3018 699 3080 damnetur.
729 3017 773 3078 Sit
784 3019 814 3076 in
827 3017 885 3078 hoo
897 3035 1014 3097 quoque
1028 3016 1139 3097 aliquid

132 3099 258 3160 fortasse
272 3103 425 3178 momenti,
448 3101 526 3181 quod
542 3111 571 3161 et
587 3102 684 3179 longis
703 3100 854 3178 longiores
873 3110 904 3162 et
919 3100 1057 3162 brevibus
1072 3109 1139 3162 snut

131 3181 283 3243 breviores
299 3183 446 3260 syllabae:
466 3195 512 3262 ut,
533 3188 663 3263 quamvis
680 3203 776 3264 neque
791 3185 857 3264 plus
873 3184 986 3246 duobus
1000 3187 1137 3264 tempori·

131 3266 186 3326 bus
209 3285 304 3345 neque
326 3285 382 3328 uno
402 3269 494 3328 minus
519 3268 629 3329 habere
654 3268 821 3345 videantur,
847 3269 978 3349 ideoque
992 3270 1022 3329 in
1038 3269 1137 3328 metris

133 3368 233 3411 omnes
248 3350 355 3413 breves
376 3352 542 3433 longaeque
559 3354 635 3414 inter
648 3370 717 3413 sese
735 3355 792 3413 siut
807 3371 910 3432 pares:
936 3353 1027 3414 lateat
1042 3360 1138 3413 tamen

132 3437 232 3495 neseio
248 3437 332 3514 quid,
351 3434 427 3516 quod
442 3439 570 3517 supersit
588 3445 637 3498 aut
652 3436 738 3497 desit.
780 3436 852 3497 Nam
866 3454 1004 3498 versuum
1017 3435 1138 3517 propris
