2408 3854
322 187 324 190 ⁴
362 210 615 261 rusmonauoa.
629 205 827 276 n1s.vn1,s.
1037 197 1079 258 5³

74 367 187 429 baudus
209 375 255 427 est
275 366 388 426 decor?
421 365 492 440 Quis
509 361 618 442 negati
654 363 726 424 Nam
748 372 778 423 et
791 365 820 423 in
836 363 964 425 ordinem
983 374 1077 426 certa·

74 469 133 532 que
155 450 309 511 intervalla
331 449 461 528 redigam
481 467 560 510 meas
580 446 711 508 arbores.
749 446 824 522 Quid
841 448 893 507 illo
917 449 1078 528 quincunce

73 537 255 616 speciosius,
275 535 338 614 qui,
361 535 390 593 in
410 550 610 613 quamcunque
628 541 740 610 partem
757 534 955 610 spectamus,
979 542 1077 593 rectus

73 617 142 680 esti
176 618 235 680 Sed
258 619 390 697 protinus
409 619 438 676 in
457 617 486 676 id
504 615 778 695 quoqueprodest,
808 624 839 674 ut
858 625 954 676 terrae
978 634 1077 676 sucum

73 702 237 782 aequaliter
259 701 362 762 trabat.
403 701 556 779 surgentia
576 702 605 759 in
626 700 713 759 altum
731 701 878 760 cacumina
895 699 979 760 oleae
997 699 1076 760 ferro
1085 701 1118 755 1o

73 785 239 855 coercebo;
262 787 291 845 in
307 784 408 845 orbem
423 803 457 845 se
471 785 625 845 formosius
642 782 741 843 fundet
762 792 792 844 et
807 786 938 862 protinus
954 786 1078 845 fructum
1188 805 1193 817 ·

72 872 162 932 ramis
185 869 317 950 pluribus
339 869 424 929 ieret.
459 869 619 929 Decentior
643 885 750 945 equus,
775 869 856 928 cuius
878 871 995 928 astricta
1016 869 1077 945 ilia,

73 955 128 1016 scd
143 954 220 1014 idem
234 953 377 1015 velocior.
417 953 542 1014 Pulcher
558 961 679 1030 aspectu
692 952 728 1011 sit
744 951 868 1027 athleta,
886 955 967 1013 cuius
984 952 1077 1013 lacer·

74 1049 122 1098 tos
137 1039 308 1098 exercitatio
326 1038 485 1116 expressit;
504 1037 579 1097 idem
595 1037 743 1096 certamini
758 1037 895 1114 paratior.
911 1042 914 1047 ’
928 1035 1078 1115 Nunquam
1086 1038 1117 1091 ll

73 1140 154 1182 mera
169 1121 287 1201 species
308 1121 343 1181 ab
364 1121 488 1181 utilitate
503 1121 646 1194 dividitur.
685 1119 743 1180 Sed
764 1120 821 1179 boc
837 1120 952 1198 quidem
968 1119 1078 1182 discer-

73 1224 146 1266 nere
159 1204 265 1265 modici
280 1205 376 1265 iudicii
394 1215 448 1264 est.

159 1288 234 1350 lllud
249 1287 455 1349 observatione
475 1288 605 1366 dignius,
631 1289 709 1367 quod
724 1289 771 1349 bic
788 1291 852 1366 ipsc
874 1287 1014 1348 honestus
1031 1305 1078 1349 or·

72 1382 159 1434 natus
174 1375 312 1434 materiae
327 1391 439 1450 genere
457 1373 542 1434 decet
557 1375 693 1433 variatus.
729 1374 840 1450 Atque,
857 1381 888 1432 ut
902 1373 1021 1451 aprima
1037 1372 1077 1433 di·

73 1458 188 1517 visione
206 1457 318 1533 ordiar,
345 1474 403 1517 non
427 1457 503 1518 idem
524 1458 756 1519 demonstrativis
779 1465 809 1516 et
828 1456 1026 1518 deliberativis
1048 1464 1078 1516 et

73 1541 256 1603 iudicialibus
274 1542 368 1601 causis
390 1544 552 1623 conveniet.
596 1533 727 1620 Namque
750 1533 821 1601 illud
838 1559 931 1618 genus
949 1549 1076 1600 ostenta·

74 1626 147 1685 tioui
162 1627 353 1704 compositum
367 1625 460 1686 solam
475 1627 547 1704 petit
559 1627 731 1686 audientium
742 1625 934 1704 voluptatem,
951 1625 1078 1704 ideoque

75 1726 177 1768 omnes
192 1709 306 1769 dicendi
321 1718 400 1769 artes
416 1713 510 1788 aperit
525 1719 713 1789 ornatumque
729 1710 867 1769 orationis
886 1711 1022 1787 exponit,
1047 1717 1078 1768 ut

76 1793 155 1871 quod
172 1809 229 1851 non
243 1792 393 1853 insidietur
404 1812 458 1854 nec
474 1793 509 1854 ad
524 1794 674 1854 victoriam
690 1793 742 1853 sed
758 1792 793 1851 ad
809 1792 901 1852 solum
917 1793 1001 1852 linem
1016 1791 1077 1850 lau·

75 1877 121 1936 dis
137 1885 167 1936 et
180 1876 294 1953 gloriae
309 1877 416 1939 tendat.
456 1877 569 1952 Quare,
589 1877 725 1956 quidquid
741 1877 797 1935 crit
816 1877 966 1935 sententiis
984 1879 1119 1953 popu-12

75 1961 155 2036 lare,
167 1959 265 2021 verbis
278 1960 409 2036 nitidum,
425 1962 523 2038 liguris
537 1961 705 2036 iucundum,
722 1959 956 2020 translationibus
969 1961 1076 2035 magui·

75 2045 176 2120 licum,
200 2046 410 2124 compositione
432 2045 626 2121 elaboratum,
650 2044 731 2104 velut
747 2045 861 2103 institor
880 2044 994 2121 quidam
1015 2042 1076 2101 elo·

76 2129 211 2206 quentiae
222 2128 385 2188 intuendum
398 2138 426 2188 et
438 2147 531 2208 paene
543 2129 773 2206 pertractandum
785 2127 871 2189 dabit.
902 2126 974 2187 Nam
989 2145 1076 2185 eveu-

75 2220 123 2270 tns
144 2211 179 2271 ad
200 2214 293 2292 ipsum
315 2228 372 2272 non
388 2213 423 2274 ad
445 2232 560 2273 causam
575 2213 710 2273 refertur.
753 2211 792 2272 Αι
807 2212 856 2272 ubi
871 2231 919 2272 res
935 2212 1029 2288 agitur
1048 2220 1077 2270 et
1088 2215 1119 2272 13

74 2312 148 2355 vera
163 2296 307 2357 dimicatio
329 2305 391 2357 est:
417 2297 532 2357 ultimus
555 2299 592 2356 sit
613 2297 705 2357 famae
726 2297 819 2356 locus.
863 2297 1019 2358 Praeterea
1040 2313 1077 2355 ne

76 2379 164 2439 decet
185 2381 316 2460 quidem,
344 2379 392 2440 ubi
415 2383 535 2443 maxima
555 2399 650 2441 rerum
671 2389 814 2440 momenta
840 2390 1008 2454 versantur,
1040 2379 1077 2440 de

75 2461 175 2521 verbis
198 2481 265 2522 esse
286 2464 452 2531 sollicitum.
495 2464 599 2543 Neque
624 2465 681 2524 boc
707 2481 743 2523 co
763 2465 903 2543 pertinet,
930 2474 961 2523 ut
981 2465 1009 2523 iu
1032 2463 1076 2522 luis

75 2545 173 2604 nullus
188 2548 225 2606 sit
245 2557 362 2608 ornatus
380 2548 433 2608 sed
449 2551 490 2608 uti
507 2550 638 2626 pressior
653 2557 682 2607 et
703 2551 835 2608 severior
851 2557 880 2607 et
898 2549 989 2606 minus
1008 2563 1075 2606 cou-

75 2628 192 2704 fessus,
209 2634 367 2711 praecipue
382 2633 518 2692 materiae
534 2631 776 2692 accommodatus.
804 2630 876 2690 Nam
887 2638 916 2688 et
928 2629 1074 2689 suadendo
1089 2634 1120 2690 14

75 2711 225 2773 sublimius
241 2715 348 2794 aliquid
364 2725 499 2793 senatus,
523 2716 692 2777 concitatius
709 2715 852 2795 populus,
876 2723 905 2773 et
920 2716 949 2773 in
963 2713 1075 2774 iudiciis

75 2794 212 2876 publicae
234 2799 433 2878 capitalesque
450 2809 694 2879 causaeposcunt
710 2800 871 2859 accuratius
889 2797 1004 2858 dicendi
1023 2816 1074 2875 ge·

74 2898 140 2940 nus.
181 2881 220 2942 At
246 2885 387 2961 privatum
408 2883 559 2944 consilium
580 2902 741 2963 causasque
763 2901 935 2963 paucorum,
962 2891 992 2942 ut
1017 2882 1074 2941 ire·

75 2973 200 3042 quenter
221 2967 339 3041 accidit,
363 2967 540 3027 calculorum
556 2986 645 3047 purus
666 2984 761 3027 sermo
778 2976 807 3027 et
826 2967 971 3028 dissimilis
988 2984 1075 3027 curae

75 3049 169 3124 magis
195 3049 335 3110 decuerit.
376 3051 422 3110 An
447 3067 505 3111 non
522 3053 629 3131 pudeat
656 3060 763 3112 certam
785 3051 922 3113 creditam
946 3049 1074 3130 periodis

75 3130 228 3210 postulare
249 3144 296 3195 aut
316 3136 393 3194 circa
413 3135 559 3196 stillicidia
577 3137 653 3197 allici
677 3137 773 3196 autin
794 3137 928 3214 mancipii
950 3133 1075 3194 redhibi-

75 3215 157 3274 tione
174 3214 299 3278 sudare?

62 3300 65 3305 '
161 3298 221 3359 Sed
235 3302 271 3361 ad
287 3303 478 3380 propositum.
519 3303 556 3364 llt
572 3305 704 3382 quoniam
725 3305 862 3363 orationis
880 3312 936 3363 tam
958 3309 1075 3360 ornatus
1084 3306 1120 3360 15

76 3399 162 3460 quam
181 3387 373 3462 perspicuitas
395 3395 444 3446 aut
463 3389 491 3446 in
511 3388 631 3465 siugulis
648 3386 746 3447 verbis
768 3395 876 3446 estant
896 3389 925 3445 in
945 3383 1074 3462 pluribus

75 3467 204 3546 positus:
229 3468 467 3548 quiasuperius,
489 3470 558 3549 quid
573 3473 669 3532 iuncta
686 3472 820 3548 exigant,
847 3469 1074 3532 consideremus.
