2376 3840
47 187 52 196 ’
136 190 196 254 198
455 203 491 250 n.
505 202 583 249 run.
597 202 819 261 oumrrnrnur

135 361 220 419 etiarn
238 355 439 434 dignitatibus,
462 364 493 414 ut
518 356 659 415 libertatis
685 363 803 415 nostrae
828 355 902 414 ratio
924 354 1077 432 reddatur,
1105 377 1143 418 ne

56 461 60 470 ·
134 445 198 520 quis
213 458 267 501 nos
283 450 331 501 aut
344 439 508 519 petulantes
523 441 551 498 in
572 438 720 498 laedendis
742 440 785 497 eis
807 440 954 498 autetiam
971 439 1142 501 ambitiosos

134 534 226 605 putet.
264 523 365 602 ltaque
384 520 507 598 Cicero,
531 540 692 600 quanquam
714 531 777 582 erat
793 524 822 581 in
840 519 953 581 Cottam
968 525 1142 598 gravissime

134 609 278 683 dicturus,
300 625 397 687 neque
414 607 498 666 aliter
515 608 561 682 agi
579 605 610 666 Ρ.
627 604 713 684 Oppii
731 623 819 666 causa
842 614 972 683 poterat,
994 606 1084 683 longa
1098 617 1140 668 ta·

92 701 198 757 odmen
212 691 394 770 praefatione
411 691 561 751 excusavit
576 689 667 750 oilicii
679 691 723 749 sui
734 692 951 749 necessitatem.
974 689 1140 768 Aliquando

134 779 219 838 etiarn
240 774 425 834 inferioribus
451 776 668 852 praecipueque
690 773 919 834 adolescentulis
943 790 1068 852 parcere
1092 785 1141 835 aut

132 860 225 920 videri
240 859 336 918 decet.
367 856 462 917 Utitur
478 858 533 919 hac
548 857 747 918 moderatione
763 854 868 918 Cicero
884 874 938 935 pro
953 855 1055 917 Caelio
1071 876 1140 919 con·

132 954 177 1003 tra
191 942 362 1018 Atratinum,
380 950 412 1000 ut
426 959 490 1001 eum
504 959 561 1001 non
572 943 686 1003 inimice
703 942 854 1019 corripere
869 940 922 1000 sed
936 959 1030 1020 paene
1046 945 1141 1021 patrie

132 1043 251 1087 monere
270 1025 412 1085 videatur.
450 1024 522 1086 Nam
546 1035 576 1085 et
599 1024 704 1086 nobilis
727 1035 757 1085 et
775 1026 887 1084 iuvenis
910 1034 940 1084 et
960 1042 1018 1084 uon
1032 1026 1138 1084 iniusto

132 1109 235 1171 dolore
251 1109 422 1170 venerated
438 1110 639 1170 accusandum.

216 1193 275 1254 Sed
290 1195 319 1253 in
335 1193 379 1252 his
395 1193 525 1273 quidem,
542 1195 570 1252 in
586 1193 689 1273 quihus
707 1193 756 1253 vel
771 1193 858 1253 iudici
876 1193 924 1252 vel
944 1194 1030 1253 etiam
1044 1202 1139 1253 astan-

132 1278 208 1338 tibus
232 1277 307 1337 ratio
333 1286 451 1337 nostrae
473 1278 679 1337 moderationis
706 1276 824 1355 probari
845 1277 948 1353 debet,
978 1278 1071 1337 minor
1094 1285 1140 1337 est

132 1361 230 1429 labor;
249 1361 310 1420 illic
328 1360 393 1439 plus
410 1360 604 1436 difficultatis,
623 1360 672 1420 nbi
686 1362 785 1438 ipsos,
803 1369 903 1421 contra
919 1378 992 1438 quos
1006 1362 1138 1438 dicimus,

89 1449 266 1505 ueneremur
280 1442 439 1503 offendere.
467 1441 550 1503 Duae
564 1443 648 1504 simul
663 1444 824 1505 huiusmodi
838 1461 984 1524 personae
1002 1441 1140 1504 Ciceroni

133 1545 186 1607 pro
202 1527 320 1587 lllureua
335 1527 441 1586 dicenti
456 1527 639 1604 obstiterunt,
655 1526 693 1587 ll.
707 1527 825 1588 Catonis
837 1529 990 1606 Serviique
1006 1528 1139 1605 Sulpicii.

133 1609 224 1684 Quam
238 1609 379 1671 decenter
393 1619 486 1672 tamen
501 1611 648 1690 Sulpicio,
668 1631 731 1672 curn
746 1629 846 1671 ornnes
865 1613 1062 1672 concessisset
1080 1613 1137 1671 vir·

132 1703 219 1770 tutes,
236 1694 385 1755 scientiam
402 1694 520 1775 petendi
537 1696 703 1756 consulatus
722 1692 849 1756 ademit?
880 1694 953 1769 Quid
971 1696 1045 1754 enim
1061 1695 1138 1755 aliud

133 1787 229 1854 esset,
257 1795 314 1856 quo
341 1797 373 1838 se
395 1781 502 1839 vietum
523 1779 609 1838 homo
638 1779 743 1839 nobilis
766 1788 795 1840 et
817 1780 887 1838 iuris
908 1780 1029 1839 antistes
1046 1781 1139 1856 magis

132 1859 243 1922 ferret?
277 1861 315 1922 Ut
328 1879 400 1922 vero
416 1865 557 1922 rationem
573 1862 751 1923 defensionis
772 1879 842 1922 suae
862 1862 1002 1937 reddidit,
1026 1881 1090 1922 curn
1104 1880 1139 1921 sc

132 1945 278 2005 studuisse
293 1947 424 2024 petitioni
436 1947 558 2025 Sulpicii
570 1955 671 2007 contra
682 1947 823 2008 honorem
833 1946 982 2022 Murenae,
993 1963 1051 2005 non
1062 1946 1139 2005 idem

89 2027 242 2090 indebere
267 2031 373 2089 actioni
401 2039 501 2089 contra
524 2039 627 2108 caput,
654 2027 787 2090 diceret?
830 2029 922 2102 Quam
942 2029 1022 2089 molli
1043 2038 1138 2090 autem

133 2113 254 2173 articulo
271 2115 404 2174 tractavit
420 2109 580 2173 Catonem?
609 2114 690 2172 euius
711 2122 840 2173 naturam
859 2131 967 2172 summe
983 2114 1137 2173 admiratus

131 2213 189 2255 non
203 2197 294 2274 ipsius
308 2196 378 2255 vitio
395 2194 447 2255 sed
462 2196 580 2256 Stoicae
596 2205 696 2256 sectae
709 2196 879 2275 quibusdam
894 2198 922 2256 in
933 2196 1020 2256 rebus
1033 2197 1138 2255 iactam

132 2276 278 2339 duriorem
294 2278 386 2338 videri
404 2277 536 2347 volebat;
558 2288 590 2339 ut
610 2281 685 2339 inter
704 2297 757 2339 eos
777 2297 836 2338 non
853 2281 1000 2339 lorensem
1018 2288 1135 2339 conten·

90 2369 124 2425 ⁷1
131 2362 237 2421 tionem
248 2361 302 2421 sed
319 2361 476 2422 studiosam
491 2361 712 2441 disputationem
728 2363 867 2423 crederes
881 2363 1027 2423 incidisse.
1054 2361 1137 2422 llaec

133 2453 178 2503 est
193 2445 327 2524 prolecto
342 2447 433 2521 ratio,
456 2455 485 2506 et
507 2447 696 2507 certissimum
711 2456 935 2526 praeceptorum
949 2464 1042 2524 genus
1058 2445 1136 2505 illius

131 2528 185 2588 riri
200 2528 386 2606 observatio,
407 2539 455 2607 ut,
477 2549 541 2591 cum
555 2529 662 2609 aliquid
678 2530 831 2591 detrahere
848 2530 927 2590 salva
942 2533 1034 2607 gratia
1050 2529 1136 2602 velis,

132 2613 278 2674 concedas
293 2614 349 2674 alia
364 2616 475 2675 omnia:
497 2615 526 2673 in
545 2614 602 2675 hoc
619 2615 685 2675 solo
698 2613 747 2674 vel
761 2615 852 2674 miuus
868 2616 989 2693 peritum
1008 2631 1093 2693 quam
1109 2614 1140 2670 in

132 2698 255 2772 ceteris,
274 2697 402 2774 adiecta,
424 2700 449 2758 si
470 2700 577 2777 poterit
594 2698 673 2775 lieri,
696 2700 782 2758 etiam
797 2716 899 2774 cansa,
919 2716 971 2756 cur
987 2695 1016 2756 id
1030 2699 1069 2756 ita
1087 2697 1136 2771 sit,

130 2780 179 2840 vel
194 2779 281 2858 paulo
296 2783 520 2859 pertinaciorem
534 2782 582 2843 vel
603 2780 751 2842 credulum
766 2782 815 2841 vel
831 2783 948 2856 iratum,
970 2778 1019 2840 vel
1034 2779 1135 2857 impul·

89 2869 191 2924 iusum
207 2862 242 2922 ab
263 2863 337 2922 aliis.
369 2863 434 2924 lloc
450 2865 508 2924 illis
529 2883 678 2926 commune
697 2866 853 2925 remedium
877 2872 937 2939 est,
960 2865 1015 2922 nisi
1030 2865 1058 2922 in
1074 2871 1135 2921 tota

130 2946 245 3005 actione
261 2947 422 3024 aequaliter
439 2958 580 3026 appareat
603 2965 660 3008 non
680 2948 774 3008 honor
787 2948 874 3007 modo
891 2946 943 3006 sed
960 2948 1044 3008 etiam
1062 2947 1134 3006 cari-

131 3038 185 3087 tas.
228 3027 385 3090 Praeterea
407 3049 495 3091 causa
515 3033 553 3091 sit
572 3031 655 3092 nobis
676 3034 751 3091 insta
771 3033 814 3090 sic
837 3031 967 3107 dicendi,
988 3048 1085 3108 neque
1106 3028 1135 3088 id

54 3151 58 3158 ·
88 3111 278 3176 iamoderate
300 3120 406 3173 tantum
428 3114 566 3174 iaciamus
587 3115 640 3174 sed
662 3117 746 3176 etiam
767 3117 946 3175 necessario.
982 3112 1135 3173 Diversum

131 3196 166 3256 ab
187 3195 245 3256 hoc
264 3194 318 3255 sed
341 3196 473 3273 facilius,
500 3215 563 3256 curn
585 3197 728 3257 hominurn
749 3207 798 3257 aut
817 3198 925 3276 alioqui
950 3198 1073 3276 turpium
1088 3204 1137 3257 aut

129 3279 213 3340 nobis
235 3281 391 3339 invisorum
411 3280 552 3359 quaedam
577 3281 652 3341 lacta
673 3280 815 3342 laudanda
837 3291 911 3341 sunt.
941 3280 1037 3340 Decet
1060 3281 1136 3339 enim

130 3381 191 3424 rem
206 3366 297 3443 ipsam
312 3363 437 3442 probare
453 3367 481 3424 in
497 3363 687 3443 qualicunque
702 3382 838 3445 persona.
866 3363 945 3424 Dixit
960 3361 1066 3423 Cicero
1081 3379 1135 3440 pro

131 3443 250 3507 Gabinio
267 3456 296 3508 et
312 3447 343 3508 P.
358 3448 485 3527 Vatinio,
501 3449 701 3508 inimicissimis
716 3458 800 3510 antea
815 3449 869 3509 sihi
885 3446 1044 3507 hominibus
1061 3455 1090 3506 et
1109 3446 1137 3504 in
