2408 3854
155 159 218 220 256
475 169 840 230 1.111.11111111111

154 334 386 402 11111111111,
409 327 544 406 idemque
562 335 676 404 portum
691 324 770 385 illum
792 325 977 403 eloquentiae
993 343 1065 385 suae
1084 326 1149 390 salo

152 418 244 470 tarem
267 427 324 470 non
346 411 432 479 etiam
454 410 553 490 piratis
569 408 728 487 patefaciet
743 409 923 485 duceturque
945 410 973 468 in
993 410 1149 471 advocatio

126 505 218 558 onem
236 495 358 555 maxime
375 511 472 555 causa.
501 491 642 567 Quoniam
652 501 748 553 tamen
761 509 873 568 omnes,
890 493 939 572 qui
951 510 1010 552 non
1025 488 1163 572 improb'c

153 577 317 655 litigabunt,
335 595 457 656 quorum
473 585 554 637 certe
572 575 648 637 bona
664 594 732 655 pars
749 584 809 653 est,
827 577 972 636 sustinere
987 593 1045 637 non
1061 587 1163 656 potest

153 680 243 722 unus:
272 661 380 741 aliquid
398 670 427 721 et
444 659 703 721 commendantium
718 660 854 739 personis
870 659 950 721 dabit
968 669 998 720 et
1018 661 1161 740 ipsorum,

153 748 201 826 qui
217 745 324 805 iudicio
345 745 520 821 decernent,
546 752 576 803 ut
599 744 699 823 optimi
718 745 858 823 cuiusque
874 743 1023 805 voluntate
1041 762 1160 806 movea-

127 840 213 898 6tur;
236 846 359 908 namque
374 828 429 889 bos
446 837 475 889 et
491 828 681 890 amicissimos
699 826 818 888 babebit
832 830 877 887 vir
892 827 997 888 bonus.
1028 828 1160 890 Summo·

151 912 274 973 vendum
288 930 361 973 vero
377 922 422 973 est
437 921 587 991 utrumque
605 911 728 973 ambitus
741 929 834 989 genus
845 911 895 972 vel
907 911 1075 991 potentibus
1091 928 1161 973 con·

152 1006 195 1057 tra
206 996 330 1057 humiles
345 996 512 1057 venditandi
528 1013 648 1074 operam
660 1013 740 1056 suam
754 995 804 1056 vel
820 994 891 1056 illud
907 998 992 1057 etiam
1008 997 1160 1057 iactantius

152 1082 280 1140 minores
300 1082 400 1160 utique
423 1088 523 1141 contra
543 1079 711 1157 dignitatem
728 1078 890 1140 attollendi.
923 1078 989 1140 Non
1008 1081 1084 1141 enim
1099 1082 1160 1144 ior·

151 1174 218 1225 tuna
236 1182 341 1224 causas
356 1164 406 1225 vel
422 1166 512 1224 iustas
527 1163 576 1224 vel
593 1162 742 1241 improbas
753 1161 833 1224 iacit.
864 1161 968 1245 Neque
979 1181 1052 1224 vero
1064 1165 1161 1243 pudor

151 1249 266 1324 obstet,
290 1265 347 1327 quo
365 1249 458 1307 minus
474 1256 654 1326 susceptam,
678 1265 742 1306 cum
757 1247 863 1307 melior
878 1247 1045 1325 videretur,
1068 1249 1159 1325 litem,

152 1335 268 1410 cognita
290 1334 364 1391 inter
387 1330 607 1410 disceptandum
627 1331 794 1410 iniquitate,
820 1330 958 1409 dimittat,
991 1349 1055 1392 cum
1076 1335 1159 1412 prius

124 1417 290 1493 ilitigatori
309 1416 414 1475 dixerit
428 1432 539 1474 verum.
573 1412 646 1474 Nam
663 1416 691 1474 in
708 1414 765 1474 boc
781 1416 949 1492 maximum,
973 1417 998 1476 si
1015 1418 1102 1497 aequi
1117 1418 1159 1476 in-

150 1502 232 1560 dices
248 1517 364 1575 sumus,
389 1497 564 1559 beneficium
582 1507 645 1575 est,
670 1507 700 1559 ut
715 1514 773 1558 non
788 1498 921 1560 fallamus
936 1517 1011 1560 vana
1032 1517 1086 1579 spe
1102 1500 1158 1561 liti·

149 1592 274 1661 gentem.
313 1580 417 1662 Neque
442 1591 487 1641 est
507 1581 611 1660 dignus
634 1599 725 1662 opera
751 1585 882 1662 patroni,
915 1584 1044 1663 quinon
1072 1585 1160 1645 utitur

152 1665 285 1728 consilio.
314 1664 352 1727 Et
367 1675 449 1727 certe
467 1683 525 1726 non
542 1667 677 1741 convenit
695 1668 739 1744 ei,
756 1685 843 1746 quem
859 1676 1005 1728 oratorem
1022 1686 1090 1729 esse
1105 1685 1157 1730 vo·

151 1751 263 1828 lumna,
286 1751 391 1811 iniusta
406 1752 481 1811 tueri
500 1751 651 1811 scientem.
685 1748 758 1810 Nam
774 1751 799 1810 si
820 1769 858 1811 ex
879 1746 954 1829 illis,
978 1769 1050 1830 quas
1068 1770 1158 1831 snpra

151 1837 289 1911 diximus,
313 1836 408 1896 causis
425 1834 528 1894 falsum
542 1833 683 1895 tuebitur:
709 1836 763 1901 erit
779 1843 875 1896 tamen
889 1834 1058 1920 honestum,
1078 1836 1157 1916 quod

150 1922 214 1998 ipse
233 1919 332 1980 faciet.

123 2010 140 2063 8
236 2001 411 2064 Gratisne
428 2004 455 2063 ei
467 2019 586 2081 semper
597 2003 740 2080 agendum
752 2005 799 2079 sit,
812 2004 929 2063 tractari
939 2012 1047 2082 potest.
1072 2002 1157 2078 Quod

151 2104 190 2147 ex
212 2088 304 2165 prima
325 2089 420 2147 statim
438 2086 534 2146 ironte
555 2087 731 2163 diiudicare,
755 2087 976 2165 imprudentium
997 2096 1051 2147 est.
1084 2085 1158 2148 Nam

150 2172 216 2250 quis
233 2172 363 2247 ignorat,
388 2173 456 2249 quin
473 2169 502 2230 id
518 2169 607 2248 longe
622 2171 659 2230 sit
677 2170 910 2232 honestissimum
933 2190 969 2232 11
985 2170 1158 2232 liberalibus

150 2254 311 2333 disciplinis
327 2262 356 2313 et
372 2253 442 2330 illo,
465 2272 552 2333 quem
568 2256 725 2332 exigimus,
745 2257 837 2315 animo
856 2254 1072 2333 dignissimum,
1099 2272 1158 2316 non

149 2336 281 2397 vendere
307 2354 427 2416 operam
450 2355 508 2397 neo
535 2338 654 2398 elevare
678 2341 749 2399 tanti
774 2338 911 2399 beneficii
938 2340 1155 2408 auctoritatem

151 2439 215 2481 1111
230 2420 373 2501 pleraque
388 2422 446 2482 boc
463 2423 527 2501 ipso
544 2423 657 2501 possint
671 2422 764 2483 videri
776 2423 856 2499 vilia,
875 2422 952 2501 quod
966 2424 1091 2502 pretium
1106 2421 1155 2482 ba·

121 2502 241 2567 libent?
264 2503 369 2566 (laenis
381 2505 454 2581 hoc,
471 2515 502 2565 ut
518 2507 613 2582 aiunt,
631 2506 700 2565 satis
718 2506 826 2566 clarum
842 2515 901 2582 est,
919 2525 975 2567 nec
991 2509 1155 2587 quisquam,

151 2592 199 2668 qui
220 2589 395 2650 sufficientia
418 2589 473 2650 sibi
495 2589 510 2668 (
517 2589 632 2651 modica
654 2599 749 2650 autem
770 2589 845 2650 haec
869 2592 956 2672 sunt)
980 2589 1155 2670 possidebit,

149 2674 226 2734 bunc
242 2684 392 2751 quaestum
410 2675 472 2733 sine
488 2675 607 2733 crimine
624 2673 751 2734 sordium
766 2673 881 2735 iecerit.
911 2673 951 2735 At
966 2676 991 2735 si
1007 2693 1058 2734 res
1074 2673 1155 2735 iami-

150 2758 229 2816 liaris
246 2757 368 2836 amplius
383 2757 491 2837 aliquid
509 2758 545 2819 ad
562 2776 632 2817 usus
647 2759 834 2819 necessarios
857 2759 973 2837 exiget:
998 2758 1156 2819 secundnm

150 2842 274 2899 omnium
298 2842 467 2921 sapientium
483 2840 569 2919 leges
583 2843 710 2921 patietur
732 2841 786 2902 sibi
803 2843 925 2921 gratiam
940 2842 1064 2919 reierri,
1092 2860 1155 2902 corn

151 2933 180 2983 et
193 2923 308 2983 Socrati
325 2925 461 2985 collatum
477 2927 514 2984 sit
530 2925 566 2987 ad
581 2928 704 3002 victum,
722 2934 751 2986 et
767 2925 858 3003 Zeno,
877 2921 1045 3001 Cleanthes,
1064 2923 1155 3001 01111-

111 3014 144 3065 10
151 3008 251 3085 sippus
269 3008 424 3068 mercedes
439 3026 455 3068 a
473 3008 624 3088 discipulis
640 3012 868 3089 acceptaverint.
899 3009 1003 3090 Neque
1022 3011 1098 3069 enim
1114 3010 1155 3070 vi·

150 3091 225 3166 deo,
261 3109 336 3169 quae
357 3093 459 3152 iustior
489 3093 659 3173 acquirendi
682 3096 755 3154 ratio
779 3113 863 3174 quam
888 3113 926 3155 ex
948 3094 1153 3157 honestissimo

150 3174 252 3236 labore
268 3183 297 3234 et
313 3174 349 3236 ab
366 3177 417 3252 iis,
435 3177 471 3236 de
488 3175 591 3255 quibus
610 3178 718 3255 optime
734 3180 907 3256 meruerint,
927 3180 1055 3259 quique,
1074 3181 1099 3239 si
1114 3178 1145 3239 ni

149 3259 189 3320 bil
205 3260 328 3318 invicem
343 3268 510 3338 praestent,
529 3260 637 3337 indigni
654 3260 761 3321 inerint
776 3261 958 3323 defensione.
990 3262 1077 3337 Quod
1093 3260 1154 3343 qd·

150 3343 215 3404 dem
230 3360 287 3403 non
302 3345 406 3404 iustum
423 3343 509 3403 modo
526 3343 579 3403 sed
594 3346 792 3405 necessarium
811 3348 897 3407 etiam
914 3355 975 3424 est,
999 3364 1064 3407 cum
1079 3346 1155 3408 haee

148 3428 213 3505 ipsa
228 3443 319 3506 opera
334 3437 507 3507 tempusque
524 3445 608 3488 omne
624 3429 725 3490 alienis
736 3431 863 3507 negotiis
875 3430 970 3492 datum
986 3430 1154 3493 facultatem
