<?xml version="1.0" encoding="UTF-8"?>
<!DOCTYPE html PUBLIC "-//W3C//DTD XHTML 1.0 Transitional//EN"
    "http://www.w3.org/TR/xhtml1/DTD/xhtml1-transitional.dtd">
<html xmlns="http://www.w3.org/1999/xhtml" xml:lang="en" lang="en">
 <head>
  <title>
</title>
<meta http-equiv="Content-Type" content="text/html;charset=utf-8" />
  <meta name='ocr-system' content='tesseract 3.04.00' />
  <meta name='ocr-capabilities' content='ocr_page ocr_carea ocr_par ocr_line ocrx_word'/>
</head>
<body>
  <div class='ocr_page' id='page_1' title='image "./mfabiiquintilia08quingoog_0050.png"; bbox 0 0 2408 3854; ppageno 0'>
   <div class='ocr_carea' id='block_1_1' title="bbox 376 191 1081 264">
    <p class='ocr_par' dir='ltr' id='par_1_1' title="bbox 376 191 1081 264">
     <span class='ocr_line' id='line_1_1' title="bbox 376 191 1081 264; baseline 0.009 -21"><span class='ocrx_word' id='word_1_1' title='bbox 376 195 825 264; x_wconf 78' lang='lat' dir='ltr'>tusr.onnuou.u1u.v11,3.</span> <span class='ocrx_word' id='word_1_2' title='bbox 1041 191 1081 254; x_wconf 82' lang='lat'>25</span> 
     </span>
    </p>
   </div>
   <div class='ocr_carea' id='block_1_2' title="bbox 71 349 1174 3523">
    <p class='ocr_par' dir='ltr' id='par_1_2' title="bbox 71 349 1174 3523">
     <span class='ocr_line' id='line_1_2' title="bbox 162 349 1126 436; baseline 0.006 -26"><span class='ocrx_word' id='word_1_3' title='bbox 162 349 297 410; x_wconf 81' lang='lat' dir='ltr'>Excusso</span> <span class='ocrx_word' id='word_1_4' title='bbox 314 350 381 428; x_wconf 87' lang='lat' dir='ltr'>quid</span> <span class='ocrx_word' id='word_1_5' title='bbox 396 352 451 425; x_wconf 90' lang='lat' dir='ltr'>sit,</span> <span class='ocrx_word' id='word_1_6' title='bbox 468 368 562 436; x_wconf 85' lang='lat' dir='ltr'><strong>prope</strong></span> <span class='ocrx_word' id='word_1_7' title='bbox 575 358 694 428; x_wconf 89' lang='lat' dir='ltr'>peracta</span> <span class='ocrx_word' id='word_1_8' title='bbox 711 360 756 409; x_wconf 89' lang='lat' dir='ltr'>est</span> <span class='ocrx_word' id='word_1_9' title='bbox 772 354 921 429; x_wconf 77' lang='lat' dir='ltr'><strong>quaestio,</strong></span> <span class='ocrx_word' id='word_1_10' title='bbox 949 371 990 412; x_wconf 92' lang='lat' dir='ltr'>an</span> <span class='ocrx_word' id='word_1_11' title='bbox 1012 353 1126 416; x_wconf 71' lang='lat' dir='ltr'>boculi</span> 
     </span>
     <span class='ocr_line' id='line_1_3' title="bbox 76 431 1082 510; baseline 0.002 -16"><span class='ocrx_word' id='word_1_12' title='bbox 76 431 152 495; x_wconf 81' lang='lat' dir='ltr'>sit?</span> <span class='ocrx_word' id='word_1_13' title='bbox 174 432 206 493; x_wconf 91' lang='lat' dir='ltr'>ld</span> <span class='ocrx_word' id='word_1_14' title='bbox 225 434 300 492; x_wconf 86' lang='lat' dir='ltr'>enirn</span> <span class='ocrx_word' id='word_1_15' title='bbox 316 436 445 510; x_wconf 80' lang='lat' dir='ltr'>agimus,</span> <span class='ocrx_word' id='word_1_16' title='bbox 468 443 498 493; x_wconf 94' lang='lat' dir='ltr'>ut</span> <span class='ocrx_word' id='word_1_17' title='bbox 513 436 550 493; x_wconf 89' lang='lat' dir='ltr'>sit</span> <span class='ocrx_word' id='word_1_18' title='bbox 570 451 675 494; x_wconf 88' lang='lat' dir='ltr'>causae</span> <span class='ocrx_word' id='word_1_19' title='bbox 692 443 809 494; x_wconf 89' lang='lat' dir='ltr'>nostrae</span> <span class='ocrx_word' id='word_1_20' title='bbox 826 437 1001 496; x_wconf 84' lang='lat' dir='ltr'>conveniens</span> <span class='ocrx_word' id='word_1_21' title='bbox 1022 437 1082 496; x_wconf 85' lang='lat' dir='ltr'>bui·</span> 
     </span>
     <span class='ocr_line' id='line_1_4' title="bbox 76 517 1083 596; baseline 0.004 -19"><span class='ocrx_word' id='word_1_22' title='bbox 76 520 128 579; x_wconf 84' lang='lat' dir='ltr'>tio.</span> <span class='ocrx_word' id='word_1_23' title='bbox 167 517 367 577; x_wconf 88' lang='lat' dir='ltr'>Potentissima</span> <span class='ocrx_word' id='word_1_24' title='bbox 390 527 436 577; x_wconf 89' lang='lat' dir='ltr'>est</span> <span class='ocrx_word' id='word_1_25' title='bbox 453 527 547 577; x_wconf 90' lang='lat' dir='ltr'>autern</span> <span class='ocrx_word' id='word_1_26' title='bbox 564 519 592 576; x_wconf 94' lang='lat' dir='ltr'>in</span> <span class='ocrx_word' id='word_1_27' title='bbox 616 535 650 577; x_wconf 90' lang='lat' dir='ltr'>ea</span> <span class='ocrx_word' id='word_1_28' title='bbox 667 518 806 596; x_wconf 76' lang='lat' dir='ltr'><strong>qualitas,</strong></span> <span class='ocrx_word' id='word_1_29' title='bbox 831 517 879 579; x_wconf 83' lang='lat' dir='ltr'>An</span> <span class='ocrx_word' id='word_1_30' title='bbox 896 538 984 582; x_wconf 89' lang='lat' dir='ltr'>arnor</span> <span class='ocrx_word' id='word_1_31' title='bbox 998 523 1083 581; x_wconf 89' lang='lat' dir='ltr'>insa-</span> 
     </span>
     <span class='ocr_line' id='line_1_5' title="bbox 75 599 1083 682; baseline -0.001 -19"><span class='ocrx_word' id='word_1_32' title='bbox 75 603 153 663; x_wconf 75' lang='lat' dir='ltr'>nia?</span> <span class='ocrx_word' id='word_1_33' title='bbox 178 599 242 660; x_wconf 88' lang='lat' dir='ltr'>Huc</span> <span class='ocrx_word' id='word_1_34' title='bbox 259 601 444 680; x_wconf 87' lang='lat' dir='ltr'>pertinebunt</span> <span class='ocrx_word' id='word_1_35' title='bbox 472 601 676 679; x_wconf 70' lang='lat' dir='ltr'><strong>probationes,</strong></span> <span class='ocrx_word' id='word_1_36' title='bbox 699 619 769 678; x_wconf 85' lang='lat' dir='ltr'>quas</span> <span class='ocrx_word' id='word_1_37' title='bbox 793 600 899 662; x_wconf 81' lang='lat' dir='ltr'>Cicero</span> <span class='ocrx_word' id='word_1_38' title='bbox 923 603 991 664; x_wconf 90' lang='lat' dir='ltr'>dicit</span> <span class='ocrx_word' id='word_1_39' title='bbox 1015 620 1083 682; x_wconf 92' lang='lat' dir='ltr'>pro·</span> 
     </span>
     <span class='ocr_line' id='line_1_6' title="bbox 75 683 1174 764; baseline -0.001 -19"><span class='ocrx_word' id='word_1_40' title='bbox 75 687 156 764; x_wconf 89' lang='lat' dir='ltr'>prias</span> <span class='ocrx_word' id='word_1_41' title='bbox 183 702 250 744; x_wconf 86' lang='lat' dir='ltr'>esse</span> <span class='ocrx_word' id='word_1_42' title='bbox 282 683 435 760; x_wconf 79' lang='lat' dir='ltr'>finitionis,</span> <span class='ocrx_word' id='word_1_43' title='bbox 471 702 509 743; x_wconf 84' lang='lat' dir='ltr'>ex</span> <span class='ocrx_word' id='word_1_44' title='bbox 540 683 795 760; x_wconf 80' lang='lat' dir='ltr'>antecedentibus,</span> <span class='ocrx_word' id='word_1_45' title='bbox 827 686 1083 764; x_wconf 72' lang='lat' dir='ltr'>consequentibus,</span> <span class='ocrx_word' id='word_1_46' title='bbox 1172 703 1174 707; x_wconf 55' lang='lat'><em>⁴</em></span> 
     </span>
     <span class='ocr_line' id='line_1_7' title="bbox 75 767 1083 848; baseline 0.001 -19"><span class='ocrx_word' id='word_1_47' title='bbox 75 769 234 842; x_wconf 85' lang='lat' dir='ltr'>adiunctis,</span> <span class='ocrx_word' id='word_1_48' title='bbox 254 767 496 845; x_wconf 81' lang='lat' dir='ltr'>repugnantibus,</span> <span class='ocrx_word' id='word_1_49' title='bbox 514 770 626 842; x_wconf 88' lang='lat' dir='ltr'>causis,</span> <span class='ocrx_word' id='word_1_50' title='bbox 643 768 771 842; x_wconf 83' lang='lat' dir='ltr'>effectis,</span> <span class='ocrx_word' id='word_1_51' title='bbox 789 769 942 838; x_wconf 86' lang='lat' dir='ltr'>similibus;</span> <span class='ocrx_word' id='word_1_52' title='bbox 960 770 998 830; x_wconf 88' lang='lat' dir='ltr'>de</span> <span class='ocrx_word' id='word_1_53' title='bbox 1013 786 1083 848; x_wconf 86' lang='lat' dir='ltr'>quo-</span> 
     </span>
     <span class='ocr_line' id='line_1_8' title="bbox 75 851 1129 933; baseline 0 -21"><span class='ocrx_word' id='word_1_54' title='bbox 75 871 138 912; x_wconf 90' lang='lat' dir='ltr'>rum</span> <span class='ocrx_word' id='word_1_55' title='bbox 157 860 390 928; x_wconf 83' lang='lat' dir='ltr'>argumentorum</span> <span class='ocrx_word' id='word_1_56' title='bbox 414 860 514 911; x_wconf 91' lang='lat' dir='ltr'>natura</span> <span class='ocrx_word' id='word_1_57' title='bbox 538 852 643 911; x_wconf 85' lang='lat' dir='ltr'>dictum</span> <span class='ocrx_word' id='word_1_58' title='bbox 672 861 726 911; x_wconf 89' lang='lat' dir='ltr'>est.</span> <span class='ocrx_word' id='word_1_59' title='bbox 756 851 889 913; x_wconf 86' lang='lat' dir='ltr'>Breviter</span> <span class='ocrx_word' id='word_1_60' title='bbox 909 863 1003 914; x_wconf 80' lang='lat' dir='ltr'>autent</span> <span class='ocrx_word' id='word_1_61' title='bbox 1030 870 1083 933; x_wconf 91' lang='lat' dir='ltr'>pro</span> <span class='ocrx_word' id='word_1_62' title='bbox 1092 854 1129 908; x_wconf 73' lang='lat'>29</span> 
     </span>
     <span class='ocr_line' id='line_1_9' title="bbox 76 933 1083 1013; baseline 0 -17"><span class='ocrx_word' id='word_1_63' title='bbox 76 933 203 996; x_wconf 82' lang='lat' dir='ltr'>Caecina</span> <span class='ocrx_word' id='word_1_64' title='bbox 228 933 333 994; x_wconf 86' lang='lat' dir='ltr'>Cicero</span> <span class='ocrx_word' id='word_1_65' title='bbox 359 936 452 1010; x_wconf 91' lang='lat' dir='ltr'>initia,</span> <span class='ocrx_word' id='word_1_66' title='bbox 481 953 600 1009; x_wconf 88' lang='lat' dir='ltr'>causas,</span> <span class='ocrx_word' id='word_1_67' title='bbox 626 936 747 1011; x_wconf 82' lang='lat' dir='ltr'>effecta,</span> <span class='ocrx_word' id='word_1_68' title='bbox 772 937 989 1013; x_wconf 83' lang='lat' dir='ltr'>antecedentia,</span> <span class='ocrx_word' id='word_1_69' title='bbox 1016 955 1083 999; x_wconf 91' lang='lat' dir='ltr'>con·</span> 
     </span>
     <span class='ocr_line' id='line_1_10' title="bbox 76 1016 1085 1100; baseline 0.002 -22"><span class='ocrx_word' id='word_1_70' title='bbox 76 1027 229 1098; x_wconf 78' lang='lat' dir='ltr'>sequeutia</span> <span class='ocrx_word' id='word_1_71' title='bbox 253 1019 423 1096; x_wconf 85' lang='lat' dir='ltr'>complexus</span> <span class='ocrx_word' id='word_1_72' title='bbox 444 1028 506 1078; x_wconf 87' lang='lat' dir='ltr'>est:</span> <span class='ocrx_word' id='word_1_73' title='bbox 538 1016 620 1091; x_wconf 83' lang='lat' dir='ltr'>Ouid</span> <span class='ocrx_word' id='word_1_74' title='bbox 640 1021 734 1098; x_wconf 82' lang='lat' dir='ltr'>ipitar</span> <span class='ocrx_word' id='word_1_75' title='bbox 754 1020 935 1099; x_wconf 72' lang='lat' dir='ltr'>sapiebant?</span> <span class='ocrx_word' id='word_1_76' title='bbox 955 1020 1085 1100; x_wconf 83' lang='lat' dir='ltr'>Propter</span> 
     </span>
     <span class='ocr_line' id='line_1_11' title="bbox 75 1100 1085 1183; baseline -0.001 -18"><span class='ocrx_word' id='word_1_77' title='bbox 75 1110 196 1165; x_wconf 71' lang='lat' dir='ltr'>mamm.</span> <span class='ocrx_word' id='word_1_78' title='bbox 229 1100 312 1174; x_wconf 84' lang='lat' dir='ltr'>Quid</span> <span class='ocrx_word' id='word_1_79' title='bbox 337 1103 532 1164; x_wconf 77' lang='lat' dir='ltr'>nretnebant?</span> <span class='ocrx_word' id='word_1_80' title='bbox 570 1101 636 1163; x_wconf 86' lang='lat' dir='ltr'>Vim</span> <span class='ocrx_word' id='word_1_81' title='bbox 657 1104 809 1166; x_wconf 82' lang='lat' dir='ltr'>uidelicet.</span> <span class='ocrx_word' id='word_1_82' title='bbox 845 1103 973 1166; x_wconf 83' lang='lat' dir='ltr'>Potestis</span> <span class='ocrx_word' id='word_1_83' title='bbox 991 1108 1085 1183; x_wconf 84' lang='lat' dir='ltr'>ipitar</span> 
     </span>
     <span class='ocr_line' id='line_1_12' title="bbox 71 1187 1083 1266; baseline 0 -19"><span class='ocrx_word' id='word_1_84' title='bbox 71 1187 232 1266; x_wconf 83' lang='lat' dir='ltr'>principia</span> <span class='ocrx_word' id='word_1_85' title='bbox 252 1205 386 1264; x_wconf 80' lang='lat' dir='ltr'>nepure,</span> <span class='ocrx_word' id='word_1_86' title='bbox 412 1205 480 1246; x_wconf 85' lang='lat' dir='ltr'>cum</span> <span class='ocrx_word' id='word_1_87' title='bbox 495 1195 635 1248; x_wconf 82' lang='lat' dir='ltr'>eatrema</span> <span class='ocrx_word' id='word_1_88' title='bbox 654 1189 852 1248; x_wconf 75' lang='lat' dir='ltr'>concedatis?</span> <span class='ocrx_word' id='word_1_89' title='bbox 880 1188 939 1248; x_wconf 89' lang='lat' dir='ltr'>Sed</span> <span class='ocrx_word' id='word_1_90' title='bbox 955 1189 1083 1249; x_wconf 88' lang='lat' dir='ltr'>similitu·</span> 
     </span>
     <span class='ocr_line' id='line_1_13' title="bbox 75 1267 1084 1349; baseline 0.001 -18"><span class='ocrx_word' id='word_1_91' title='bbox 75 1272 142 1332; x_wconf 88' lang='lat' dir='ltr'>diue</span> <span class='ocrx_word' id='word_1_92' title='bbox 158 1286 275 1348; x_wconf 87' lang='lat' dir='ltr'>quoque</span> <span class='ocrx_word' id='word_1_93' title='bbox 296 1288 364 1328; x_wconf 90' lang='lat' dir='ltr'>usus</span> <span class='ocrx_word' id='word_1_94' title='bbox 381 1278 442 1329; x_wconf 89' lang='lat' dir='ltr'>est:</span> <span class='ocrx_word' id='word_1_95' title='bbox 467 1267 621 1341; x_wconf 78' lang='lat' dir='ltr'>Quaevis</span> <span class='ocrx_word' id='word_1_96' title='bbox 641 1272 674 1330; x_wconf 92' lang='lat' dir='ltr'>in</span> <span class='ocrx_word' id='word_1_97' title='bbox 695 1270 772 1330; x_wconf 86' lang='lat' dir='ltr'>bello</span> <span class='ocrx_word' id='word_1_98' title='bbox 787 1271 980 1349; x_wconf 85' lang='lat' dir='ltr'>appellatur,</span> <span class='ocrx_word' id='word_1_99' title='bbox 1000 1291 1038 1332; x_wconf 90' lang='lat' dir='ltr'>ea</span> <span class='ocrx_word' id='word_1_100' title='bbox 1052 1274 1084 1332; x_wconf 87' lang='lat' dir='ltr'>in</span> 
     </span>
     <span class='ocr_line' id='line_1_14' title="bbox 75 1353 1129 1432; baseline -0.003 -15"><span class='ocrx_word' id='word_1_101' title='bbox 75 1355 138 1417; x_wconf 85' lang='lat' dir='ltr'>otio</span> <span class='ocrx_word' id='word_1_102' title='bbox 156 1373 216 1415; x_wconf 89' lang='lat' dir='ltr'>non</span> <span class='ocrx_word' id='word_1_103' title='bbox 240 1355 470 1432; x_wconf 79' lang='lat' dir='ltr'>appellabitur?</span> <span class='ocrx_word' id='word_1_104' title='bbox 498 1353 557 1414; x_wconf 87' lang='lat' dir='ltr'>Sed</span> <span class='ocrx_word' id='word_1_105' title='bbox 579 1354 720 1413; x_wconf 78' lang='lat' dir='ltr'>etiamen</span> <span class='ocrx_word' id='word_1_106' title='bbox 746 1357 891 1430; x_wconf 86' lang='lat' dir='ltr'>contrario</span> <span class='ocrx_word' id='word_1_107' title='bbox 917 1361 1129 1431; x_wconf 70' lang='lat' dir='ltr'>argumentata</span> 
     </span>
     <span class='ocr_line' id='line_1_15' title="bbox 76 1436 1081 1515; baseline 0 -17"><span class='ocrx_word' id='word_1_108' title='bbox 76 1438 233 1512; x_wconf 90' lang='lat' dir='ltr'>ducuntur,</span> <span class='ocrx_word' id='word_1_109' title='bbox 258 1447 288 1497; x_wconf 92' lang='lat' dir='ltr'>ut</span> <span class='ocrx_word' id='word_1_110' title='bbox 315 1438 339 1497; x_wconf 92' lang='lat' dir='ltr'>si</span> <span class='ocrx_word' id='word_1_111' title='bbox 360 1447 530 1515; x_wconf 88' lang='lat' dir='ltr'>quaeratur,</span> <span class='ocrx_word' id='word_1_112' title='bbox 554 1436 731 1497; x_wconf 82' lang='lat' dir='ltr'>Amatorium</span> <span class='ocrx_word' id='word_1_113' title='bbox 755 1456 896 1498; x_wconf 88' lang='lat' dir='ltr'>venenum</span> <span class='ocrx_word' id='word_1_114' title='bbox 919 1440 955 1498; x_wconf 89' lang='lat' dir='ltr'>sit</span> <span class='ocrx_word' id='word_1_115' title='bbox 975 1456 1081 1505; x_wconf 86' lang='lat' dir='ltr'>necne;</span> 
     </span>
     <span class='ocr_line' id='line_1_16' title="bbox 77 1519 1082 1601; baseline -0.001 -20"><span class='ocrx_word' id='word_1_116' title='bbox 77 1521 144 1600; x_wconf 88' lang='lat' dir='ltr'>quia</span> <span class='ocrx_word' id='word_1_117' title='bbox 162 1533 305 1580; x_wconf 82' lang='lat' dir='ltr'>uenenum</span> <span class='ocrx_word' id='word_1_118' title='bbox 328 1522 494 1581; x_wconf 88' lang='lat' dir='ltr'>amatorium</span> <span class='ocrx_word' id='word_1_119' title='bbox 514 1538 571 1580; x_wconf 93' lang='lat' dir='ltr'>non</span> <span class='ocrx_word' id='word_1_120' title='bbox 593 1521 639 1579; x_wconf 89' lang='lat' dir='ltr'>sit.</span> <span class='ocrx_word' id='word_1_121' title='bbox 678 1519 752 1581; x_wconf 90' lang='lat' dir='ltr'>Illud</span> <span class='ocrx_word' id='word_1_122' title='bbox 774 1521 899 1595; x_wconf 65' lang='lat' dir='ltr'>alterurn,</span> <span class='ocrx_word' id='word_1_123' title='bbox 916 1540 1008 1600; x_wconf 76' lang='lat' dir='ltr'>genus</span> <span class='ocrx_word' id='word_1_124' title='bbox 1025 1538 1082 1601; x_wconf 90' lang='lat' dir='ltr'>quo</span> 
     </span>
     <span class='ocr_line' id='line_1_17' title="bbox 77 1603 1082 1685; baseline 0 -21"><span class='ocrx_word' id='word_1_125' title='bbox 77 1607 115 1664; x_wconf 91' lang='lat' dir='ltr'>sit</span> <span class='ocrx_word' id='word_1_126' title='bbox 130 1604 308 1665; x_wconf 84' lang='lat' dir='ltr'>manifestius</span> <span class='ocrx_word' id='word_1_127' title='bbox 324 1603 560 1664; x_wconf 86' lang='lat' dir='ltr'>adolescentibus</span> <span class='ocrx_word' id='word_1_128' title='bbox 575 1607 663 1680; x_wconf 90' lang='lat' dir='ltr'>meis,</span> <span class='ocrx_word' id='word_1_129' title='bbox 682 1603 778 1683; x_wconf 88' lang='lat' dir='ltr'>(meos</span> <span class='ocrx_word' id='word_1_130' title='bbox 795 1608 869 1666; x_wconf 89' lang='lat' dir='ltr'>enim</span> <span class='ocrx_word' id='word_1_131' title='bbox 884 1624 1000 1685; x_wconf 88' lang='lat' dir='ltr'>semper</span> <span class='ocrx_word' id='word_1_132' title='bbox 1015 1607 1082 1666; x_wconf 90' lang='lat' dir='ltr'>ado·</span> 
     </span>
     <span class='ocr_line' id='line_1_18' title="bbox 76 1686 1082 1767; baseline 0 -19"><span class='ocrx_word' id='word_1_133' title='bbox 76 1688 225 1748; x_wconf 88' lang='lat' dir='ltr'>lesceutes</span> <span class='ocrx_word' id='word_1_134' title='bbox 237 1687 361 1767; x_wconf 86' lang='lat' dir='ltr'>putabo)</span> <span class='ocrx_word' id='word_1_135' title='bbox 377 1686 425 1747; x_wconf 91' lang='lat' dir='ltr'>bic</span> <span class='ocrx_word' id='word_1_136' title='bbox 440 1705 556 1767; x_wconf 88' lang='lat' dir='ltr'>quoque</span> <span class='ocrx_word' id='word_1_137' title='bbox 572 1687 656 1748; x_wconf 81' lang='lat' dir='ltr'>lictae</span> <span class='ocrx_word' id='word_1_138' title='bbox 671 1691 888 1749; x_wconf 85' lang='lat' dir='ltr'>controversiae</span> <span class='ocrx_word' id='word_1_139' title='bbox 907 1698 970 1749; x_wconf 83' lang='lat' dir='ltr'>utar</span> <span class='ocrx_word' id='word_1_140' title='bbox 986 1707 1082 1749; x_wconf 83' lang='lat' dir='ltr'>exem-</span> 
     </span>
     <span class='ocr_line' id='line_1_19' title="bbox 77 1769 1123 1851; baseline -0.004 -18"><span class='ocrx_word' id='word_1_141' title='bbox 77 1772 138 1851; x_wconf 90' lang='lat' dir='ltr'>plo.</span> <span class='ocrx_word' id='word_1_142' title='bbox 169 1769 319 1847; x_wconf 59' lang='lat' dir='ltr'>quena,</span> <span class='ocrx_word' id='word_1_143' title='bbox 334 1772 388 1849; x_wconf 79' lang='lat' dir='ltr'>qut</span> <span class='ocrx_word' id='word_1_144' title='bbox 402 1773 562 1834; x_wconf 84' lang='lat' dir='ltr'>concinere</span> <span class='ocrx_word' id='word_1_145' title='bbox 576 1773 736 1847; x_wconf 86' lang='lat' dir='ltr'>solebant,</span> <span class='ocrx_word' id='word_1_146' title='bbox 753 1774 989 1851; x_wconf 70' lang='lat' dir='ltr'>constituerant,</span> <span class='ocrx_word' id='word_1_147' title='bbox 1005 1781 1038 1834; x_wconf 92' lang='lat' dir='ltr'>ut</span> <span class='ocrx_word' id='word_1_148' title='bbox 1051 1774 1123 1834; x_wconf 86' lang='lat' dir='ltr'>in31</span> 
     </span>
     <span class='ocr_line' id='line_1_20' title="bbox 76 1852 1083 1935; baseline 0.001 -18"><span class='ocrx_word' id='word_1_149' title='bbox 76 1858 164 1918; x_wconf 84' lang='lat' dir='ltr'>litore</span> <span class='ocrx_word' id='word_1_150' title='bbox 185 1864 359 1917; x_wconf 88' lang='lat' dir='ltr'>coenarent.</span> <span class='ocrx_word' id='word_1_151' title='bbox 398 1852 510 1930; x_wconf 84' lang='lat' dir='ltr'>Unius,</span> <span class='ocrx_word' id='word_1_152' title='bbox 528 1857 582 1933; x_wconf 84' lang='lat' dir='ltr'>qui</span> <span class='ocrx_word' id='word_1_153' title='bbox 601 1872 714 1916; x_wconf 88' lang='lat' dir='ltr'>coenae</span> <span class='ocrx_word' id='word_1_154' title='bbox 732 1857 892 1935; x_wconf 81' lang='lat' dir='ltr'>defuerat,</span> <span class='ocrx_word' id='word_1_155' title='bbox 913 1875 1021 1918; x_wconf 87' lang='lat' dir='ltr'>nomen</span> <span class='ocrx_word' id='word_1_156' title='bbox 1036 1865 1083 1918; x_wconf 89' lang='lat' dir='ltr'>tn·</span> 
     </span>
     <span class='ocr_line' id='line_1_21' title="bbox 77 1936 1083 2018; baseline 0 -16"><span class='ocrx_word' id='word_1_157' title='bbox 77 1936 174 2017; x_wconf 68' lang='lat' dir='ltr'>mah,</span> <span class='ocrx_word' id='word_1_158' title='bbox 196 1955 285 2018; x_wconf 80' lang='lat' dir='ltr'>paene</span> <span class='ocrx_word' id='word_1_159' title='bbox 311 1947 532 2015; x_wconf 81' lang='lat' dir='ltr'>entrunerant,</span> <span class='ocrx_word' id='word_1_160' title='bbox 557 1940 791 2018; x_wconf 72' lang='lat' dir='ltr'>inscripserunt.</span> <span class='ocrx_word' id='word_1_161' title='bbox 834 1938 928 2000; x_wconf 89' lang='lat' dir='ltr'>Pater</span> <span class='ocrx_word' id='word_1_162' title='bbox 956 1940 1037 2015; x_wconf 88' lang='lat' dir='ltr'>eius,</span> <span class='ocrx_word' id='word_1_163' title='bbox 1062 1959 1083 2002; x_wconf 88' lang='lat' dir='ltr'>a</span> 
     </span>
     <span class='ocr_line' id='line_1_22' title="bbox 77 2022 1084 2102; baseline 0 -19"><span class='ocrx_word' id='word_1_164' title='bbox 77 2024 291 2085; x_wconf 82' lang='lat' dir='ltr'>trannnarina</span> <span class='ocrx_word' id='word_1_165' title='bbox 303 2023 552 2102; x_wconf 72' lang='lat' dir='ltr'>pereprtnatt&#39;one</span> <span class='ocrx_word' id='word_1_166' title='bbox 575 2041 644 2085; x_wconf 77' lang='lat' dir='ltr'>cunt</span> <span class='ocrx_word' id='word_1_167' title='bbox 665 2023 709 2087; x_wconf 88' lang='lat' dir='ltr'>ad</span> <span class='ocrx_word' id='word_1_168' title='bbox 722 2022 793 2084; x_wconf 87' lang='lat' dir='ltr'>litus</span> <span class='ocrx_word' id='word_1_169' title='bbox 806 2024 888 2084; x_wconf 85' lang='lat' dir='ltr'>idem</span> <span class='ocrx_word' id='word_1_170' title='bbox 904 2023 1084 2102; x_wconf 79' lang='lat' dir='ltr'>appulisset,</span> 
     </span>
     <span class='ocr_line' id='line_1_23' title="bbox 77 2105 1126 2185; baseline -0.007 -18"><span class='ocrx_word' id='word_1_171' title='bbox 77 2107 155 2171; x_wconf 86' lang='lat' dir='ltr'>lecto</span> <span class='ocrx_word' id='word_1_172' title='bbox 170 2108 290 2169; x_wconf 88' lang='lat' dir='ltr'>nomine</span> <span class='ocrx_word' id='word_1_173' title='bbox 306 2107 466 2185; x_wconf 77' lang='lat' dir='ltr'>suspendit</span> <span class='ocrx_word' id='word_1_174' title='bbox 479 2126 523 2167; x_wconf 87' lang='lat' dir='ltr'>se.</span> <span class='ocrx_word' id='word_1_175' title='bbox 555 2105 695 2165; x_wconf 88' lang='lat' dir='ltr'>Dicuntur</span> <span class='ocrx_word' id='word_1_176' title='bbox 711 2105 740 2166; x_wconf 91' lang='lat' dir='ltr'>hi</span> <span class='ocrx_word' id='word_1_177' title='bbox 757 2124 843 2167; x_wconf 90' lang='lat' dir='ltr'>causa</span> <span class='ocrx_word' id='word_1_178' title='bbox 859 2107 959 2183; x_wconf 86' lang='lat' dir='ltr'>rnortis</span> <span class='ocrx_word' id='word_1_179' title='bbox 980 2106 1126 2166; x_wconf 71' lang='lat' dir='ltr'>suissetu</span> 
     </span>
     <span class='ocr_line' id='line_1_24' title="bbox 77 2188 1085 2269; baseline 0.001 -20"><span class='ocrx_word' id='word_1_180' title='bbox 77 2188 131 2251; x_wconf 86' lang='lat' dir='ltr'>Hic</span> <span class='ocrx_word' id='word_1_181' title='bbox 154 2190 243 2250; x_wconf 85' lang='lat' dir='ltr'>linitio</span> <span class='ocrx_word' id='word_1_182' title='bbox 265 2199 311 2250; x_wconf 89' lang='lat' dir='ltr'>est</span> <span class='ocrx_word' id='word_1_183' title='bbox 331 2191 527 2265; x_wconf 90' lang='lat' dir='ltr'>accusatoris,</span> <span class='ocrx_word' id='word_1_184' title='bbox 552 2188 613 2252; x_wconf 89' lang='lat' dir='ltr'>Per</span> <span class='ocrx_word' id='word_1_185' title='bbox 633 2205 722 2269; x_wconf 79' lang='lat' dir='ltr'>quem</span> <span class='ocrx_word' id='word_1_186' title='bbox 739 2192 856 2269; x_wconf 80' lang='lat' dir='ltr'>factum</span> <span class='ocrx_word' id='word_1_187' title='bbox 880 2198 940 2265; x_wconf 86' lang='lat' dir='ltr'>cst,</span> <span class='ocrx_word' id='word_1_188' title='bbox 963 2197 997 2250; x_wconf 91' lang='lat' dir='ltr'>ul</span> <span class='ocrx_word' id='word_1_189' title='bbox 1016 2191 1085 2269; x_wconf 80' lang='lat' dir='ltr'>puis</span> 
     </span>
     <span class='ocr_line' id='line_1_25' title="bbox 75 2272 1083 2353; baseline -0.001 -16"><span class='ocrx_word' id='word_1_190' title='bbox 75 2275 221 2351; x_wconf 83' lang='lat' dir='ltr'>perierit,</span> <span class='ocrx_word' id='word_1_191' title='bbox 243 2293 339 2336; x_wconf 86' lang='lat' dir='ltr'>causa</span> <span class='ocrx_word' id='word_1_192' title='bbox 352 2275 457 2335; x_wconf 85' lang='lat' dir='ltr'>mortis</span> <span class='ocrx_word' id='word_1_193' title='bbox 473 2282 538 2343; x_wconf 84' lang='lat' dir='ltr'>est,·</span> <span class='ocrx_word' id='word_1_194' title='bbox 562 2275 604 2332; x_wconf 89' lang='lat' dir='ltr'>rei</span> <span class='ocrx_word' id='word_1_195' title='bbox 626 2284 688 2349; x_wconf 87' lang='lat' dir='ltr'>est,</span> <span class='ocrx_word' id='word_1_196' title='bbox 715 2272 774 2346; x_wconf 84' lang='lat' dir='ltr'>Qui</span> <span class='ocrx_word' id='word_1_197' title='bbox 787 2275 958 2353; x_wconf 83' lang='lat' dir='ltr'>fecit·qur‘d</span> <span class='ocrx_word' id='word_1_198' title='bbox 971 2276 1083 2350; x_wconf 84' lang='lat' dir='ltr'>sciens,</span> 
     </span>
     <span class='ocr_line' id='line_1_26' title="bbox 76 2357 1083 2437; baseline -0.004 -17"><span class='ocrx_word' id='word_1_199' title='bbox 76 2376 135 2436; x_wconf 88' lang='lat' dir='ltr'>per</span> <span class='ocrx_word' id='word_1_200' title='bbox 150 2359 233 2437; x_wconf 80' lang='lat' dir='ltr'>quod</span> <span class='ocrx_word' id='word_1_201' title='bbox 247 2359 352 2436; x_wconf 86' lang='lat' dir='ltr'>perire</span> <span class='ocrx_word' id='word_1_202' title='bbox 366 2359 477 2420; x_wconf 75' lang='lat' dir='ltr'>domitii</span> <span class='ocrx_word' id='word_1_203' title='bbox 490 2377 615 2419; x_wconf 84' lang='lat' dir='ltr'>necesse</span> <span class='ocrx_word' id='word_1_204' title='bbox 633 2368 687 2418; x_wconf 85' lang='lat' dir='ltr'>est.</span> <span class='ocrx_word' id='word_1_205' title='bbox 715 2357 838 2417; x_wconf 87' lang='lat' dir='ltr'>Remota</span> <span class='ocrx_word' id='word_1_206' title='bbox 855 2358 982 2418; x_wconf 86' lang='lat' dir='ltr'>linitione</span> <span class='ocrx_word' id='word_1_207' title='bbox 999 2375 1083 2417; x_wconf 88' lang='lat' dir='ltr'>accu-</span> 
     </span>
     <span class='ocr_line' id='line_1_27' title="bbox 78 2439 1085 2521; baseline 0.003 -23"><span class='ocrx_word' id='word_1_208' title='bbox 78 2443 169 2501; x_wconf 90' lang='lat' dir='ltr'>satori</span> <span class='ocrx_word' id='word_1_209' title='bbox 193 2450 238 2500; x_wconf 87' lang='lat' dir='ltr'>sat</span> <span class='ocrx_word' id='word_1_210' title='bbox 262 2450 308 2500; x_wconf 88' lang='lat' dir='ltr'>est</span> <span class='ocrx_word' id='word_1_211' title='bbox 326 2439 441 2517; x_wconf 89' lang='lat' dir='ltr'>dicere,</span> <span class='ocrx_word' id='word_1_212' title='bbox 465 2439 570 2503; x_wconf 84' lang='lat' dir='ltr'>Causa</span> <span class='ocrx_word' id='word_1_213' title='bbox 584 2443 690 2502; x_wconf 85' lang='lat' dir='ltr'>mortis</span> <span class='ocrx_word' id='word_1_214' title='bbox 703 2443 823 2520; x_wconf 80' lang='lat' dir='ltr'>fuistis;</span> <span class='ocrx_word' id='word_1_215' title='bbox 845 2460 905 2521; x_wconf 85' lang='lat' dir='ltr'>per</span> <span class='ocrx_word' id='word_1_216' title='bbox 923 2460 977 2503; x_wconf 83' lang='lat' dir='ltr'>cos</span> <span class='ocrx_word' id='word_1_217' title='bbox 1005 2443 1085 2503; x_wconf 86' lang='lat' dir='ltr'>enim</span> 
     </span>
     <span class='ocr_line' id='line_1_28' title="bbox 75 2524 1084 2604; baseline -0.001 -19"><span class='ocrx_word' id='word_1_218' title='bbox 75 2524 195 2601; x_wconf 87' lang='lat' dir='ltr'>factum</span> <span class='ocrx_word' id='word_1_219' title='bbox 209 2533 270 2600; x_wconf 89' lang='lat' dir='ltr'>est,</span> <span class='ocrx_word' id='word_1_220' title='bbox 288 2531 321 2586; x_wconf 88' lang='lat' dir='ltr'>at</span> <span class='ocrx_word' id='word_1_221' title='bbox 335 2524 421 2589; x_wconf 86' lang='lat' dir='ltr'>ltomo</span> <span class='ocrx_word' id='word_1_222' title='bbox 432 2525 569 2604; x_wconf 63' lang='lat' dir='ltr'>periret·</span> <span class='ocrx_word' id='word_1_223' title='bbox 584 2526 676 2604; x_wconf 82' lang='lat' dir='ltr'>puio.</span> <span class='ocrx_word' id='word_1_224' title='bbox 698 2527 758 2585; x_wconf 86' lang='lat' dir='ltr'>nisi</span> <span class='ocrx_word' id='word_1_225' title='bbox 778 2545 833 2586; x_wconf 88' lang='lat' dir='ltr'>oos</span> <span class='ocrx_word' id='word_1_226' title='bbox 857 2525 935 2586; x_wconf 87' lang='lat' dir='ltr'>illud</span> <span class='ocrx_word' id='word_1_227' title='bbox 955 2525 1084 2602; x_wconf 84' lang='lat' dir='ltr'>fecisse-</span> 
     </span>
     <span class='ocr_line' id='line_1_29' title="bbox 78 2605 1130 2688; baseline -0.003 -19"><span class='ocrx_word' id='word_1_228' title='bbox 78 2608 134 2682; x_wconf 79' lang='lat' dir='ltr'>tis,</span> <span class='ocrx_word' id='word_1_229' title='bbox 151 2608 276 2677; x_wconf 83' lang='lat' dir='ltr'>uiueret.</span> <span class='ocrx_word' id='word_1_230' title='bbox 309 2605 433 2683; x_wconf 83' lang='lat' dir='ltr'>Contra,</span> <span class='ocrx_word' id='word_1_231' title='bbox 455 2606 523 2671; x_wconf 90' lang='lat' dir='ltr'>Non</span> <span class='ocrx_word' id='word_1_232' title='bbox 536 2610 656 2684; x_wconf 85' lang='lat' dir='ltr'>statim,</span> <span class='ocrx_word' id='word_1_233' title='bbox 668 2625 830 2688; x_wconf 80' lang='lat' dir='ltr'>perquem</span> <span class='ocrx_word' id='word_1_234' title='bbox 843 2609 1037 2686; x_wconf 80' lang='lat' dir='ltr'>factumest,</span> <span class='ocrx_word' id='word_1_235' title='bbox 1053 2611 1130 2667; x_wconf 67' lang='lat' dir='ltr'>uiti</span> 
     </span>
     <span class='ocr_line' id='line_1_30' title="bbox 79 2691 1086 2770; baseline -0.002 -18"><span class='ocrx_word' id='word_1_236' title='bbox 79 2691 148 2769; x_wconf 80' lang='lat' dir='ltr'>quis</span> <span class='ocrx_word' id='word_1_237' title='bbox 155 2692 288 2770; x_wconf 85' lang='lat' dir='ltr'>periret,</span> <span class='ocrx_word' id='word_1_238' title='bbox 304 2693 331 2754; x_wconf 91' lang='lat' dir='ltr'>is</span> <span class='ocrx_word' id='word_1_239' title='bbox 346 2693 492 2757; x_wconf 86' lang='lat' dir='ltr'>damnari</span> <span class='ocrx_word' id='word_1_240' title='bbox 503 2693 606 2768; x_wconf 84' lang='lat' dir='ltr'>dedet,</span> <span class='ocrx_word' id='word_1_241' title='bbox 623 2701 656 2753; x_wconf 86' lang='lat' dir='ltr'>nt</span> <span class='ocrx_word' id='word_1_242' title='bbox 671 2700 852 2767; x_wconf 87' lang='lat' dir='ltr'>accusator,</span> <span class='ocrx_word' id='word_1_243' title='bbox 867 2692 968 2768; x_wconf 85' lang='lat' dir='ltr'>testis,</span> <span class='ocrx_word' id='word_1_244' title='bbox 989 2691 1086 2752; x_wconf 77' lang='lat' dir='ltr'>indes</span> 
     </span>
     <span class='ocr_line' id='line_1_31' title="bbox 78 2772 1086 2853; baseline 0.004 -21"><span class='ocrx_word' id='word_1_245' title='bbox 78 2775 126 2837; x_wconf 86' lang='lat' dir='ltr'>rei</span> <span class='ocrx_word' id='word_1_246' title='bbox 150 2776 303 2853; x_wconf 78' lang='lat' dir='ltr'>capitalis.</span> <span class='ocrx_word' id='word_1_247' title='bbox 339 2773 422 2850; x_wconf 90' lang='lat' dir='ltr'>Nec,</span> <span class='ocrx_word' id='word_1_248' title='bbox 443 2778 648 2853; x_wconf 82' lang='lat' dir='ltr'>undecunque</span> <span class='ocrx_word' id='word_1_249' title='bbox 673 2795 771 2839; x_wconf 85' lang='lat' dir='ltr'>causa</span> <span class='ocrx_word' id='word_1_250' title='bbox 794 2772 903 2852; x_wconf 63' lang='lat' dir='ltr'>fluuit,</span> <span class='ocrx_word' id='word_1_251' title='bbox 929 2776 972 2837; x_wconf 83' lang='lat' dir='ltr'>ibi</span> <span class='ocrx_word' id='word_1_252' title='bbox 993 2774 1086 2852; x_wconf 90' lang='lat' dir='ltr'>culpa</span> 
     </span>
     <span class='ocr_line' id='line_1_32' title="bbox 78 2860 1086 2938; baseline -0.003 -18"><span class='ocrx_word' id='word_1_253' title='bbox 78 2866 143 2920; x_wconf 83' lang='lat' dir='ltr'>est:</span> <span class='ocrx_word' id='word_1_254' title='bbox 172 2865 206 2919; x_wconf 91' lang='lat' dir='ltr'>ut</span> <span class='ocrx_word' id='word_1_255' title='bbox 234 2860 263 2919; x_wconf 87' lang='lat' dir='ltr'>si</span> <span class='ocrx_word' id='word_1_256' title='bbox 289 2862 358 2938; x_wconf 81' lang='lat' dir='ltr'>qais</span> <span class='ocrx_word' id='word_1_257' title='bbox 385 2860 607 2937; x_wconf 81' lang='lat' dir='ltr'>profectionem</span> <span class='ocrx_word' id='word_1_258' title='bbox 631 2860 765 2923; x_wconf 84' lang='lat' dir='ltr'>suaserit</span> <span class='ocrx_word' id='word_1_259' title='bbox 791 2868 846 2921; x_wconf 89' lang='lat' dir='ltr'>aut</span> <span class='ocrx_word' id='word_1_260' title='bbox 873 2860 1006 2921; x_wconf 86' lang='lat' dir='ltr'>amicum</span> <span class='ocrx_word' id='word_1_261' title='bbox 1031 2876 1086 2920; x_wconf 90' lang='lat' dir='ltr'>ur-</span> 
     </span>
     <span class='ocr_line' id='line_1_33' title="bbox 79 2943 1086 3022; baseline 0 -20"><span class='ocrx_word' id='word_1_262' title='bbox 79 2943 217 3005; x_wconf 84' lang='lat' dir='ltr'>cessierit</span> <span class='ocrx_word' id='word_1_263' title='bbox 237 2949 327 3007; x_wconf 83' lang='lat' dir='ltr'>trans</span> <span class='ocrx_word' id='word_1_264' title='bbox 349 2961 436 3003; x_wconf 91' lang='lat' dir='ltr'>rnare</span> <span class='ocrx_word' id='word_1_265' title='bbox 458 2952 487 3004; x_wconf 93' lang='lat' dir='ltr'>et</span> <span class='ocrx_word' id='word_1_266' title='bbox 507 2945 536 3004; x_wconf 83' lang='lat' dir='ltr'>is</span> <span class='ocrx_word' id='word_1_267' title='bbox 555 2943 722 3021; x_wconf 73' lang='lat' dir='ltr'>naufrapio</span> <span class='ocrx_word' id='word_1_268' title='bbox 733 2944 889 3022; x_wconf 86' lang='lat' dir='ltr'>perierit„</span> <span class='ocrx_word' id='word_1_269' title='bbox 901 2945 945 3004; x_wconf 89' lang='lat' dir='ltr'>ad</span> <span class='ocrx_word' id='word_1_270' title='bbox 960 2959 1086 3005; x_wconf 71' lang='lat' dir='ltr'>comam</span> 
     </span>
     <span class='ocr_line' id='line_1_34' title="bbox 77 3022 1130 3090; baseline -0.004 -4"><span class='ocrx_word' id='word_1_271' title='bbox 77 3026 216 3089; x_wconf 84' lang='lat' dir='ltr'>invitarit</span> <span class='ocrx_word' id='word_1_272' title='bbox 243 3035 271 3090; x_wconf 86' lang='lat' dir='ltr'>et</span> <span class='ocrx_word' id='word_1_273' title='bbox 295 3029 323 3088; x_wconf 88' lang='lat' dir='ltr'>is</span> <span class='ocrx_word' id='word_1_274' title='bbox 348 3027 502 3090; x_wconf 88' lang='lat' dir='ltr'>cruditate</span> <span class='ocrx_word' id='word_1_275' title='bbox 526 3027 589 3087; x_wconf 84' lang='lat' dir='ltr'>illic</span> <span class='ocrx_word' id='word_1_276' title='bbox 615 3032 775 3089; x_wconf 86' lang='lat' dir='ltr'>contracta</span> <span class='ocrx_word' id='word_1_277' title='bbox 804 3028 980 3090; x_wconf 66' lang='lat' dir='ltr'>deraserit.</span> <span class='ocrx_word' id='word_1_278' title='bbox 1016 3022 1130 3088; x_wconf 70' lang='lat' dir='ltr'>Necti</span> 
     </span>
     <span class='ocr_line' id='line_1_35' title="bbox 76 3109 1084 3190; baseline -0.001 -20"><span class='ocrx_word' id='word_1_279' title='bbox 76 3110 218 3188; x_wconf 77' lang='lat' dir='ltr'>fueritin</span> <span class='ocrx_word' id='word_1_280' title='bbox 234 3128 333 3172; x_wconf 87' lang='lat' dir='ltr'>cansa</span> <span class='ocrx_word' id='word_1_281' title='bbox 344 3110 449 3170; x_wconf 85' lang='lat' dir='ltr'>mortis</span> <span class='ocrx_word' id='word_1_282' title='bbox 459 3112 555 3171; x_wconf 85' lang='lat' dir='ltr'>solum</span> <span class='ocrx_word' id='word_1_283' title='bbox 569 3109 806 3173; x_wconf 84' lang='lat' dir='ltr'>adolescentium</span> <span class='ocrx_word' id='word_1_284' title='bbox 815 3112 934 3190; x_wconf 73' lang='lat' dir='ltr'>factitia</span> <span class='ocrx_word' id='word_1_285' title='bbox 945 3111 1001 3171; x_wconf 81' lang='lat' dir='ltr'>sed</span> <span class='ocrx_word' id='word_1_286' title='bbox 1015 3128 1084 3171; x_wconf 88' lang='lat' dir='ltr'>cre-</span> 
     </span>
     <span class='ocr_line' id='line_1_36' title="bbox 79 3193 1085 3273; baseline -0.001 -21"><span class='ocrx_word' id='word_1_287' title='bbox 79 3194 195 3255; x_wconf 85' lang='lat' dir='ltr'>dulitas</span> <span class='ocrx_word' id='word_1_288' title='bbox 207 3193 305 3270; x_wconf 71' lang='lat' dir='ltr'>sens,</span> <span class='ocrx_word' id='word_1_289' title='bbox 317 3194 349 3254; x_wconf 85' lang='lat' dir='ltr'>in</span> <span class='ocrx_word' id='word_1_290' title='bbox 364 3194 469 3256; x_wconf 88' lang='lat' dir='ltr'>dolore</span> <span class='ocrx_word' id='word_1_291' title='bbox 484 3194 617 3272; x_wconf 80' lang='lat' dir='ltr'>serundo</span> <span class='ocrx_word' id='word_1_292' title='bbox 627 3193 808 3272; x_wconf 70' lang='lat' dir='ltr'>infirmitas,⁸</span> <span class='ocrx_word' id='word_1_293' title='bbox 825 3197 967 3273; x_wconf 85' lang='lat' dir='ltr'>deniqne,</span> <span class='ocrx_word' id='word_1_294' title='bbox 982 3195 1010 3254; x_wconf 83' lang='lat' dir='ltr'>si</span> <span class='ocrx_word' id='word_1_295' title='bbox 1018 3194 1085 3271; x_wconf 81' lang='lat' dir='ltr'>for-</span> 
     </span>
     <span class='ocr_line' id='line_1_37' title="bbox 78 3274 1085 3355; baseline -0.002 -17"><span class='ocrx_word' id='word_1_296' title='bbox 78 3276 138 3338; x_wconf 83' lang='lat' dir='ltr'>tior</span> <span class='ocrx_word' id='word_1_297' title='bbox 150 3277 259 3355; x_wconf 72' lang='lat' dir='ltr'>ficisset</span> <span class='ocrx_word' id='word_1_298' title='bbox 273 3286 327 3341; x_wconf 88' lang='lat' dir='ltr'>aut</span> <span class='ocrx_word' id='word_1_299' title='bbox 338 3277 536 3355; x_wconf 81' lang='lat' dir='ltr'>prudentior,</span> <span class='ocrx_word' id='word_1_300' title='bbox 554 3278 678 3340; x_wconf 80' lang='lat' dir='ltr'>cineret.</span> <span class='ocrx_word' id='word_1_301' title='bbox 708 3274 774 3339; x_wconf 89' lang='lat' dir='ltr'>Nec</span> <span class='ocrx_word' id='word_1_302' title='bbox 793 3278 876 3340; x_wconf 87' lang='lat' dir='ltr'>nala</span> <span class='ocrx_word' id='word_1_303' title='bbox 892 3288 989 3340; x_wconf 86' lang='lat' dir='ltr'>mente</span> <span class='ocrx_word' id='word_1_304' title='bbox 1001 3277 1085 3354; x_wconf 87' lang='lat' dir='ltr'>fece·</span> 
     </span>
     <span class='ocr_line' id='line_1_38' title="bbox 78 3359 1084 3440; baseline -0.005 -18"><span class='ocrx_word' id='word_1_305' title='bbox 78 3367 170 3432; x_wconf 83' lang='lat' dir='ltr'>runt‚·</span> <span class='ocrx_word' id='word_1_306' title='bbox 189 3368 217 3421; x_wconf 89' lang='lat' dir='ltr'>et</span> <span class='ocrx_word' id='word_1_307' title='bbox 232 3361 283 3422; x_wconf 90' lang='lat' dir='ltr'>ille</span> <span class='ocrx_word' id='word_1_308' title='bbox 296 3361 392 3440; x_wconf 89' lang='lat' dir='ltr'>potnit</span> <span class='ocrx_word' id='word_1_309' title='bbox 406 3362 455 3421; x_wconf 86' lang='lat' dir='ltr'>cel</span> <span class='ocrx_word' id='word_1_310' title='bbox 474 3378 514 3422; x_wconf 77' lang='lat' dir='ltr'>ea</span> <span class='ocrx_word' id='word_1_311' title='bbox 532 3361 598 3424; x_wconf 73' lang='lat' dir='ltr'>beo</span> <span class='ocrx_word' id='word_1_312' title='bbox 615 3361 721 3422; x_wconf 69' lang='lat' dir='ltr'>amuli</span> <span class='ocrx_word' id='word_1_313' title='bbox 739 3361 789 3423; x_wconf 85' lang='lat' dir='ltr'>ccl</span> <span class='ocrx_word' id='word_1_314' title='bbox 811 3381 851 3423; x_wconf 84' lang='lat' dir='ltr'>en</span> <span class='ocrx_word' id='word_1_315' title='bbox 867 3379 959 3440; x_wconf 86' lang='lat' dir='ltr'>opere</span> <span class='ocrx_word' id='word_1_316' title='bbox 975 3359 1084 3420; x_wconf 89' lang='lat' dir='ltr'>turnul-</span> 
     </span>
     <span class='ocr_line' id='line_1_39' title="bbox 78 3441 1083 3523; baseline -0.005 -17"><span class='ocrx_word' id='word_1_317' title='bbox 78 3445 181 3506; x_wconf 86' lang='lat' dir='ltr'>taario</span> <span class='ocrx_word' id='word_1_318' title='bbox 201 3444 375 3523; x_wconf 83' lang='lat' dir='ltr'>suspicari,</span> <span class='ocrx_word' id='word_1_319' title='bbox 402 3463 462 3506; x_wconf 91' lang='lat' dir='ltr'>non</span> <span class='ocrx_word' id='word_1_320' title='bbox 492 3463 559 3506; x_wconf 81' lang='lat' dir='ltr'>csse</span> <span class='ocrx_word' id='word_1_321' title='bbox 581 3451 812 3506; x_wconf 85' lang='lat' dir='ltr'>monumentum.</span> <span class='ocrx_word' id='word_1_322' title='bbox 852 3441 913 3515; x_wconf 84' lang='lat' dir='ltr'>Qui</span> <span class='ocrx_word' id='word_1_323' title='bbox 934 3461 1006 3523; x_wconf 78' lang='lat' dir='ltr'>erpo</span> <span class='ocrx_word' id='word_1_324' title='bbox 1022 3460 1083 3522; x_wconf 84' lang='lat' dir='ltr'>pu-</span> 
     </span>
    </p>
   </div>
   <div class='ocr_carea' id='block_1_3' title="bbox 0 0 1211 3854">
    <p class='ocr_par' dir='ltr' id='par_1_3' title="bbox 0 0 1211 3854">
     <span class='ocr_line' id='line_1_40' title="bbox 0 0 1211 3854; baseline 0 0"><span class='ocrx_word' id='word_1_325' title='bbox 0 0 1211 3854; x_wconf 95' lang='lat' dir='ltr'> </span> 
     </span>
    </p>
   </div>
  </div>
 </body>
</html>
