2408 3854
349 182 767 252 monoceronmarnt.
1006 171 1094 238 179‘

27 338 29 343 ’
58 359 167 421 augere
184 359 283 420 parva,
302 343 470 400 uarietatem
483 341 633 417 similibus,
646 341 825 419 voluptatem
842 345 983 421 expositis
997 344 1067 404 dare

59 437 88 485 et
105 427 180 486 bene
195 426 295 485 dicere
309 425 397 485 multa
413 426 449 485 de
465 426 575 503 paucis.

142 509 173 569 ln
189 509 246 568 hoc
263 511 370 587 optime
390 507 685 569 iacientiniinitae
703 511 968 607 quaestiones,
994 528 1065 589 quas

58 611 157 653 vocarr
150 593 265 693 dicere
277 593 408 666 diximus,
418 591 520 670 quibus
533 589 659 651 Cicero
651 610 706 652 ram
718 595 855 670 princeps
866 593 895 651 in
906 593 1065 673 republica

58 678 192 736 exerceri
210 675 334 735 solebat.
365 673 415 734 His
432 675 552 735 confluis
570 684 614 734 est
634 675 854 736 destructio
869 686 905 736 et
920 678 1063 737 confir·
1052 691 1106 742 -12

56 763 164 821 matio
186 760 470 819 sententiarum.
509 757 581 818 Naro
605 776 669 818 cunr
690 760 727 819 sit
752 762 894 820 sententia
916 761 1069 822 decretbm'

58 844 201 924 quoddam
220 852 306 923 atque
322 851 525 920 praeceptum:
549 842 626 919 quod
646 843 731 904 dere
753 844 829 904 idem
847 845 883 904 de
899 844 1005 905 iudicio
1022 848 1065 906 rei

59 930 158 1006 quaeri
174 936 281 1005 potest.
311 925 382 986 'lum
398 925 475 985 loci
497 943 722 1003 communes,
744 945 818 1006 quos
835 930 920 988 etiarn
938 931 1065 1008 scriptos

57 1013 92 1072 ab
109 1012 273 1071 oratoribus
288 1011 404 1069 scimus.
437 1009 508 1070 Nam
525 1011 573 1088 qui
588 1010 661 1071 hacc
678 1020 758 1071 recta
771 1019 877 1071 tanturn
889 1021 919 1072 et
929 1015 957 1072 in
967 1013 1065 1073 nullos

57 1096 150 1155 llexus
167 1095 335 1155 recedentia
358 1095 480 1172 copiose
502 1097 684 1170 tractaverit,
708 1096 808 1172 utique
830 1097 858 1154 in
880 1096 939 1156 illis
964 1097 1064 1175 plures

57 1197 198 1239 excursus
214 1177 421 1256 recipientibus
436 1179 527 1254 magis
541 1175 694 1238 abundabit
713 1181 826 1256 eritque
838 1181 866 1238 in
881 1197 980 1239 omues
998 1198 1065 1240 cau·

57 1278 104 1322 sas
116 1271 243 1342 paratus.
273 1260 380 1321 Omnes
395 1263 470 1320 enim
484 1260 671 1338 generalibus
690 1261 907 1340 quaestionibus
923 1273 1066 1324 constant.
1074 1274 1108 1328 13

57 1346 128 1406 Nam
143 1345 210 1423 quid
228 1349 359 1421 interest,
379 1343 538 1406 Corneliae
553 1345 695 1406 triburias
707 1347 807 1424 plebia
825 1348 908 1424 qaod
927 1349 1066 1409 codicem

56 1433 173 1508 deperit,
189 1447 257 1488 reus
270 1431 321 1497 sit;
341 1446 377 1488 an
389 1446 576 1506 quaeramus:
597 1426 771 1491 Violetnrne
784 1431 943 1507 maiestas,
959 1434 988 1492 ei
1000 1451 1066 1492 ma·

56 1517 204 1594 piaretur
224 1515 411 1592 roputionern
432 1531 521 1575 mant
542 1515 655 1592 populo
670 1516 741 1592 'ipse
762 1515 962 1576 recitaverit?
992 1513 1066 1575 Milo

60 1595 198 1658 Clodiam
212 1606 335 1659 rectene
357 1598 521 1672 occiderit,
545 1597 642 1660 veniat
661 1599 689 1655 in
704 1598 853 1667 iudicium
871 1616 917 1674 an,
936 1597 1063 1677 Oporte-

57 1690 129 1742 atnc
154 1683 365 1742 insidiatorem
390 1680 524 1759 interfici
546 1681 596 1740 cel
622 1682 830 1758 perniciosum
854 1684 902 1743 rei
918 1683 1065 1760 publicae

59 1768 171 1841 ciceri,
190 1767 310 1826 etiamsi
330 1784 390 1826 non
413 1764 576 1825 insidietur
632 1760 708 1824 Cato
730 1761 883 1826 Marcium
904 1766 1066 1825 honestene
1167 1811 1184 1843 ,

58 1851 223 1911 tradiderit
238 1847 420 1916 Hortensior
439 1864 485 1922 an,
510 1844 716 1908 Garrceniotnc
731 1867 783 1909 res
802 1849 875 1908 tulis
890 1848 965 1911 bono
976 1849 1064 1908 uiro!t

58 1930 103 1992 De
126 1934 259 2009 personis
281 1931 423 1991 iudicatur
450 1930 502 1990 sed
530 1929 677 1991 derebus
700 1930 891 1992 contenditur.
931 1929 1105 1994 Decii-14

58 2019 237 2075 mationes
263 2031 352 2089 vero,
386 2013 488 2092 quales
510 2015 540 2072 in
562 2014 672 2074 scholis
700 2013 847 2075 rhetorum
868 2012 1016 2089 dicuntur,
1039 2015 1064 2074 si

58 2099 144 2159 modo
160 2108 224 2158 sunt
240 2097 276 2158 ad
291 2099 443 2159 veritatem
459 2099 692 2160 accommodatae
704 2107 733 2157 et
748 2096 927 2157 orationibus
943 2099 1064 2174 similes,

59 2201 115 2246 non
130 2191 237 2242 tantum
254 2182 320 2242 dum
336 2182 479 2242 adolescit
500 2183 611 2240 iuuenis
633 2191 697 2240 sunt
713 2181 902 2258 utilissimae,
926 2201 1001 2262 quae
1023 2185 1064 2242 in·

57 2268 220 2326 ventionem
238 2274 267 2324 et
282 2267 502 2344 dispositionem
521 2267 630 2343 pariter
644 2274 800 2340 exercent,
822 2265 877 2326 sed
899 2268 985 2327 etiam
1002 2283 1066 2326 cunr

59 2360 104 2409 est
122 2359 333 2409 consummatus
356 2367 391 2409 ac
411 2352 467 2409 iam
488 2350 517 2406 in
535 2347 722 2408 torculares.
763 2349 860 2410 Alitur
873 2352 955 2409 ‘enim
975 2358 1062 2427 atque

59 2435 202 2508 enitescit,
218 2433 299 2492 velut
314 2433 421 2511 pabulo
436 2433 559 2492 laetiore
575 2430 709 2491 facundia
725 2442 753 2492 et
769 2432 884 2493 assidua
901 2433 1064 2504 contentio·

59 2535 123 2575 narn
141 2518 298 2593 asperitate
320 2516 439 2592 fatigata
461 2522 626 2574 renovatur.
666 2513 852 2594 Quapropter
870 2515 1106 2575 historiaeli

58 2616 259 2676 nonnunquam
275 2598 392 2658 ubertas
413 2601 442 2658 in
461 2598 555 2675 aliqua
577 2597 735 2656 exercendi
752 2598 810 2658 stili
829 2606 913 2676 parte
930 2597 1064 2676 ponenda

59 2691 88 2742 et
104 2681 341 2757 dialogorum
352 2681 486 2740 libertate
498 2680 689 2756 gestiendum.
714 2678 759 2740 Ne
772 2681 934 2743 carmine
949 2680 1065 2760 quIdem

60 2766 160 2826 ludere
182 2767 355 2825 contrarium
376 2764 475 2831 luerit:
494 2765 569 2822 sicut
585 2762 729 2839 athletae,
749 2765 870 2825 remissa
894 2764 1064 2844 quibusdam

59 2850 238 2928 temporibus
254 2848 383 2908 ciborum
400 2857 486 2926 atque
509 2847 748 2909 exercitationum
770 2856 850 2910 certa
875 2849 1064 2924 necessitate,

59 2937 119 2993 otio
137 2943 165 2993 et
185 2931 400 2993 iucundioribus
418 2931 521 2991 eduliis
539 2930 714 2991 reficiuntur.
754 2931 883 3011 Ideoque
903 2933 971 2993 mibi
986 2931 1065 2992 vide·
1073 2939 1107 2993 16

59 3027 105 3076 tur
122 3017 159 3076 bl.
179 3016 289 3076 'l'ullius
312 3025 419 3077 tantum
443 3015 576 3075 intulisse
599 3014 785 3094 eloquentiae
801 3016 911 3095 lumen,
936 3017 1013 3095 quod
1037 3018 1065 3074 in

59 3101 113 3160 hos
130 3117 245 3178 quoque
260 3101 418 3161 studiorum
439 3117 576 3165 secessus
593 3101 729 3160 excurrit.
764 3099 836 3160 Nam
858 3100 983 3161 sinobis
1001 3099 1065 3158 sola

60 3185 179 3244 materia
195 3184 282 3243 luerit
302 3202 340 3244 ex
355 3184 469 3245 litibus:
486 3201 613 3244 necesse
630 3193 675 3243 est
690 3183 839 3244 deteratur
854 3184 951 3261 lulqor
966 3192 996 3243 et
1013 3182 1064 3242 du·
1094 3252 1099 3261 ι

60 3276 157 3328 rescat
179 3267 317 3327 articulus
343 3277 371 3327 et
394 3270 459 3347 ipse
481 3268 531 3328 ille
554 3284 654 3350 mucro
678 3269 784 3345 ingenii
806 3268 948 3327 cotidiana
967 3282 1064 3345 pugna

60 3350 234 3412 retundatur.

146 3434 204 3495 Sed
229 3433 467 3514 quemadmodum
490 3433 655 3494 forensibus
671 3431 1126 3573 certamiuubuquxcrcxuauusxu
