2408 3854
458 206 494 254 u.
508 205 587 255 ran.
602 204 823 265 oulnrrnrnnr

417 429 471 478 ott
505 428 877 480 PERSPIGUITATE.

228 525 264 586 11.
295 525 491 604 Perspiouitas
512 526 540 585 in
556 525 654 586 verbis
669 526 855 604 praecipuam
872 523 961 585 babet
982 527 1150 606 proprie·

144 618 272 684 tatem,
291 609 343 669 sed
358 610 522 688 proprietas
538 611 602 688 ipsa
614 626 671 668 non
686 609 856 687 simpliciter
869 609 1021 686 accipitur.
1039 608 1151 673 Primus

146 694 221 753 enim
243 693 411 753 intellectus
433 701 478 753 est
500 711 553 754 sua
574 694 714 771 cuiusque
740 694 783 752 rei
806 691 983 771 appellatio,
1013 710 1072 772 qua
1094 710 1151 757 non

117 791 263 856 asemper
274 785 395 836 utemur.
424 775 495 837 Nam
517 786 546 837 et
564 776 691 837 obscena
708 775 859 837 vitabimus
878 785 906 836 et
922 776 1039 840 sordida
1056 787 1087 839 et
1100 778 1150 841 bn·

146 862 233 922 milia.
265 860 336 920 Sunt
352 869 446 921 autem
457 860 571 921 humilia
587 860 660 921 inira
675 860 840 938 dignitatem
855 878 951 920 rerum
963 869 1012 921 aut
1029 862 1148 923 ordinis.

146 945 178 1006 ln
196 961 253 1025 quo
273 946 344 1004 vitio
360 945 491 1005 cavendo
515 962 573 1005 non
589 945 776 1005 mediocriter
793 961 892 1004 errare
908 945 1025 1024 quidam
1041 945 1150 1023 solent,

147 1031 195 1109 qui
211 1030 319 1105 omnia,
336 1046 410 1107 qnae
424 1037 489 1089 sunt
504 1030 611 1106 inusu,
627 1030 738 1089 etiamsi
754 1045 861 1089 causae
873 1030 1036 1090 necessitas
1052 1039 1151 1110 posco·

147 1113 204 1189 let,
234 1111 438 1172 reiormideut:
463 1122 494 1172 ut
517 1113 585 1189 ille,
610 1114 706 1192 quiin
731 1113 847 1173 actione
864 1111 1007 1176 ibericus
1028 1114 1152 1191 borbat,

147 1215 180 1258 se
203 1196 269 1256 solo
285 1197 476 1276 nequicquam
491 1198 690 1275 intelligente,
714 1195 848 1273 dicebat,
865 1198 919 1257 nisi
938 1197 1064 1258 irridens
1081 1197 1153 1260 banc

145 1282 300 1341 vanitatem
322 1278 440 1341 Cassius
463 1281 590 1341 Severus
611 1289 752 1360 spartum
773 1280 872 1341 dicore
894 1299 959 1353 eum
978 1281 1061 1344 velle
1085 1281 1153 1345 indi·

117 1373 253 1429 3casset.
300 1364 363 1424 Nec
390 1364 493 1440 video,
524 1383 614 1444 quare
644 1365 739 1425 clarus
768 1373 867 1425 orator
893 1366 1022 1427 duratos
1053 1366 1154 1429 memo

50 1513 53 1517 ,
144 1451 248 1528 pisces
269 1448 384 1508 nitidius
403 1466 470 1507 esse
488 1449 644 1509 crediderit
660 1467 744 1527 quam
760 1451 853 1527 ipsum
868 1449 913 1524 id,
935 1449 1012 1528 quod
1033 1450 1152 1513 vitabat.

147 1532 179 1592 ln
196 1531 251 1592 bac
263 1540 357 1591 autem
372 1533 560 1610 proprietatis
571 1533 690 1613 specie,
709 1550 783 1611 quae
796 1532 956 1592 nominibus
970 1534 1043 1611 ipsis
1060 1535 1153 1596 cuiun

148 1634 204 1695 que
221 1617 264 1675 rei
284 1617 388 1691 utitur,
411 1616 489 1676 nulla
504 1618 593 1676 virtus
612 1626 673 1694 est,
692 1625 736 1692 at,
757 1617 835 1695 quod
856 1617 883 1676 ei
899 1618 1093 1695 contrarium,
1109 1626 1154 1679 eat

147 1701 255 1759 vitium.
297 1698 328 1760 ld
350 1700 426 1778 apud
446 1718 500 1759 nos
522 1703 771 1780 improprium,
800 1694 914 1781 ἄκυρον
929 1700 1005 1781 apud
1021 1699 1152 1764 Graecos

120 1793 285 1854 avocatur:
308 1783 394 1863 quale
417 1793 477 1859 est,
501 1818 544 1833 —-
565 1817 606 1834 -⁴
626 1793 741 1846 tantum
762 1802 893 1863 sperare
914 1786 1073 1856 dolorem,-
1094 1793 1151 1862 aut

148 1867 226 1949 quod
241 1869 269 1928 in
285 1869 416 1928 oratione
427 1867 602 1929 Dolabellae
618 1867 798 1928 emendatum
815 1885 831 1928 a
847 1866 991 1929 Cicerone
1007 1871 1152 1945 mactari,

87 2014 92 2024 ,
147 1960 272 2016 mortem
283 1952 389 2031 sacrm·
405 1961 467 2028 aut,
485 1953 580 2032 qualia
597 1971 671 2013 nunc
688 1951 837 2013 laudantur
853 1970 869 2012 a
885 1951 1066 2031 quibusdam,
1084 1970 1151 2033 quo·

148 2056 208 2096 rum
225 2045 284 2112 est,
310 2038 349 2099 de
367 2057 461 2099 cruce
479 2038 575 2099 verbo
598 2039 785 2098 ceciderunt.
819 2034 884 2096 Non
899 2045 995 2097 tamen
1016 2036 1154 2117 quidquid

148 2137 206 2179 non
222 2122 275 2179 erit
290 2122 454 2198 proprium,
471 2120 601 2198 protinus
616 2130 645 2181 et
660 2120 808 2198 improprii
822 2121 892 2180 vitio
906 2119 1068 2197 laborabit,
1089 2121 1164 2201 (puis¹

149 2205 269 2282 primum
285 2204 409 2262 omnium
429 2203 517 2264 multa
532 2212 596 2262 sunt
617 2213 647 2264 et
662 2202 773 2264 Graece
790 2211 819 2263 et
833 2202 1006 2269 Latinenon
1026 2205 1153 2266 denomi-

121 2296 224 2357 5nata.
262 2286 334 2346 Nam
361 2294 406 2362 et,
434 2288 481 2365 qui
508 2287 631 2347 iaculum
658 2288 775 2363 emittit,
801 2289 937 2350 iaculari
958 2289 1080 2359 dicitur;
1107 2289 1154 2369 qni

150 2370 238 2450 pilum
253 2378 302 2430 aut
314 2370 431 2447 sudem,
453 2370 650 2450 appellatione
665 2372 798 2451 privatim
817 2371 872 2431 sibi
894 2373 1041 2451 assignata
1057 2381 1152 2441 caret;

151 2464 179 2514 et
195 2463 240 2530 ut,
257 2455 403 2533 lapidare
418 2454 486 2533 quid
502 2456 552 2531 sit,
570 2457 751 2517 manifestum
767 2463 826 2516 est:
843 2457 882 2516 ita
896 2455 1050 2534 glebarum
1065 2464 1153 2518 testa·

150 2556 270 2617 rumque
286 2540 377 2598 iactus
394 2555 451 2598 non
472 2538 559 2599 babet
574 2556 686 2600 nomen.
724 2539 807 2600 Unde
832 2539 950 2618 abusio,
971 2558 1047 2619 quae
1064 2532 1153 2602 κατά-

122 2639 250 2702 θχρησις
267 2623 386 2698 dicitur,
413 2625 590 2683 necessaria.
637 2623 798 2684 Translatio
821 2641 955 2703 quoque,
977 2626 1005 2684 in
1027 2642 1085 2704 qna
1106 2622 1153 2685 vel

36 2706 38 2711 ’
149 2707 288 2766 maximus
307 2715 351 2766 est
367 2708 505 2767 orationis
526 2716 662 2784 ornatus,
681 2707 770 2768 uerba
785 2725 842 2767 non
857 2710 917 2767 suis
933 2707 1022 2768 rebus
1037 2725 1153 2770 accom-

150 2789 257 2849 modat.
303 2788 400 2863 Quare
419 2793 586 2871 proprietas
601 2808 659 2851 non
676 2791 830 2851 adnomen
850 2792 903 2853 sed
921 2792 957 2853 ad
971 2793 1030 2852 vim
1044 2792 1153 2871 signill-

151 2873 234 2933 candi
254 2874 397 2950 reiertur,
419 2893 475 2936 nec
500 2875 595 2938 auditu
622 2876 674 2936 sed
695 2876 845 2936 intellectu
870 2875 1080 2956 perpendenda
1099 2885 1152 2938 est.

122 2957 285 3028 rsecundo
301 2959 387 3019 modo
403 2959 507 3020 dicitur
522 2961 669 3039 proprium
689 2961 765 3019 inter
778 2959 876 3038 plura,
901 2976 975 3038 quae
996 2968 1064 3021 sant
1079 2962 1153 3021 eius·

151 3040 215 3100 dem
229 3043 366 3120 nominis,
383 3043 428 3120 id,
447 3044 523 3104 unde
540 3052 639 3104 cetera
656 3043 741 3104 ducta
754 3053 832 3113 sunt;
854 3053 885 3104 ut
899 3054 1007 3107 certes:
1024 3052 1071 3105 est
1085 3061 1153 3106 con·

151 3132 226 3185 torta
252 3127 285 3185 irr
305 3144 338 3185 se
360 3145 435 3207 aqua
455 3127 504 3187 vel
526 3127 663 3206 quidquid
685 3127 760 3188 aliud
784 3127 917 3189 similiter
930 3131 1069 3205 vertitur,
1088 3127 1167 3201 inde,

149 3218 271 3288 propter
292 3209 399 3270 llexum
420 3210 591 3289 capillorum
615 3229 682 3290 pars
704 3229 812 3274 summa
835 3213 956 3291 capitis,
983 3231 1022 3274 ex
1046 3211 1105 3274 ltoc
1126 3211 1154 3272 id

150 3293 228 3371 quod
242 3296 270 3353 in
285 3294 428 3354 montibus
445 3295 706 3356 eminentissimum.
735 3293 828 3355 Recte
846 3296 954 3356 dixeris
970 3296 1044 3358 baec
1060 3297 1154 3358 omnia

121 3376 293 3447 &verticem
322 3379 441 3458 proprie
465 3387 575 3456 tamen,
604 3379 679 3440 unde
705 3381 812 3439 initium
837 3389 891 3440 est.
934 3382 983 3442 Sic
1001 3383 1107 3444 sotsac
1126 3388 1155 3441 et

151 3461 235 3522 turdi
256 3463 364 3541 pisces.
403 3459 441 3522 lit
460 3463 561 3524 tertius
584 3472 629 3528 est
649 3463 715 3528 huic
737 3463 868 3528 diversus
883 3465 1002 3544 modos,
1025 3480 1153 3529 comm
