2408 3854
108 185 168 248 238
443 201 802 259 momenmentum

108 353 213 412 officia.
248 355 290 413 lta
311 373 366 414 nec
388 355 607 415 antecedentem
630 357 770 431 consequi
794 371 962 432 possumus,
991 367 1021 417 et
1044 359 1108 419 lon·

107 438 172 512 gius
188 438 310 496 eundum
326 447 382 512 est,
399 447 428 497 ut
446 456 494 496 res
510 437 594 496 leret.
625 435 662 496 Et
677 436 837 516 probabilis
853 449 948 499 tamen
963 443 1110 518 cupiditas

108 519 293 579 honestorum
315 531 344 581 et
364 522 442 581 velut
457 523 569 580 tutioris
585 521 736 580 audentiae
753 531 798 579 est
822 531 978 600 temptare,
1003 524 1113 602 quibus

106 606 234 680 paratior
247 607 331 664 venia
346 615 400 663 est.
1088 630 1103 641 r

192 739 264 807 nou
276 754 376 807 rossa
395 756 574 824 onaroanu
588 755 667 806 assu
685 755 749 805 ursr
766 757 871 807 vraun
890 757 1014 809 eonon.

189 852 211 912 1.
228 853 271 911 Sit
289 868 360 928 ergo
378 851 461 912 uobis
479 863 594 928 orator,
620 871 705 932 quem
722 855 936 928 constituimus,
959 855 1000 928 is,
1024 858 1106 932 quia

106 936 143 996 ll.
164 933 274 995 Catone
291 935 398 1011 finitur,
420 939 478 996 uir
495 937 616 997 bouus
639 936 788 996 dicendi
805 938 967 1014 peritus:
992 956 1106 1014 verum,

105 1020 134 1080 id
152 1019 229 1096 quod
246 1029 275 1078 et
291 1019 341 1078 ille
356 1023 452 1097 posuit
472 1024 567 1099 prius,
592 1029 621 1079 et
643 1023 706 1098 ipsa
728 1029 827 1079 natura
848 1022 945 1097 potius
963 1038 997 1080 ac
1013 1027 1107 1082 maiu's
1132 1031 1136 1040 “

107 1113 167 1178 est,
183 1105 281 1182 utique
299 1103 493 1163 virbonus.
526 1104 557 1164 ld
575 1121 632 1163 non
648 1122 684 1162 eo
701 1114 823 1178 tantum,
841 1104 936 1181 quod,
954 1107 977 1162 si
994 1108 1038 1163 vis
1055 1106 1106 1168 illa

105 1187 218 1247 dicendi
234 1188 369 1248 malitiam
383 1190 567 1262 instruxerit,
583 1188 652 1247 nihil
669 1189 705 1246 sit
721 1188 846 1265 publicis
864 1189 1041 1267 privatisque
1058 1209 1105 1249 re-

92 1271 158 1330 ,bus
176 1273 367 1348 perniciosius
386 1271 562 1349 eloquentia,
582 1288 695 1349 nosque
712 1273 778 1348 ipsi,
796 1273 843 1348 qui
860 1287 912 1348 pro
929 1272 1004 1330 virili
1021 1284 1111 1349 parte

77 1401 81 1409 ,
105 1355 241 1414 conterre
256 1354 363 1432 aliquid
379 1355 414 1414 ad
430 1355 595 1415 facultatem
611 1355 724 1414 dicendi
741 1357 836 1414 conati
851 1373 958 1429 sumus,
975 1358 1105 1432 pessime

105 1456 266 1498 mereamur
288 1437 324 1496 de
349 1438 437 1496 rebus
462 1439 606 1513 humanis,
636 1440 661 1497 si
684 1438 788 1498 latroni
811 1455 1010 1516 comparamus
1030 1440 1106 1504 haec

77 1535 182 1584 aarum
197 1539 254 1581 uon
272 1521 360 1580 militi.
394 1520 470 1594 Quid
485 1522 522 1581 de
542 1522 627 1583 nobis
643 1521 769 1600 loquor‘.l
795 1520 901 1580 Rerum
923 1523 986 1600 ipsa
1003 1532 1106 1593 natura

105 1607 134 1663 in
151 1622 204 1680 eo,
231 1605 307 1682 quod
325 1608 482 1682 praecipue
498 1606 652 1666 indulsisse
667 1607 774 1666 homini
788 1606 901 1665 videtur
917 1622 1034 1683 quoque
1051 1624 1105 1666 uos

105 1707 121 1748 a
149 1690 255 1749 ceteris
279 1689 447 1749 animalibus
474 1706 646 1767 separasse,
675 1707 732 1749 non
759 1708 865 1768 parens
893 1690 946 1748 sed
975 1706 1105 1750 noverca

104 1773 208 1849 luerit,
236 1775 259 1831 si
282 1773 448 1833 facultatem
469 1773 599 1848 dicendi,
629 1776 738 1833 sociam
762 1773 923 1847 scelerum,
951 1773 1104 1833 adversam

103 1859 304 1932 innocentiae,
328 1857 440 1916 hostem
459 1857 589 1916 veritatis
606 1857 722 1916 invenit.
760 1855 854 1916 llutos
875 1857 950 1917 euim
973 1860 1053 1917 nasci
1076 1867 1105 1917 et

104 1959 195 2017 egere
207 1942 282 2000 oruui
299 1943 410 2001 ratione
426 1942 515 2000 satius
530 1941 648 2011 luisset,
671 1959 755 2018 quam
772 1941 971 2018 providentiae
986 1959 1104 2002 munera

74 2027 131 2090 3in
151 2035 274 2086 mutuam
297 2026 456 2103 perniciem
479 2033 661 2084 convertere.
694 2023 820 2100 longius
844 2024 935 2084 tendit
952 2024 1010 2084 hoc
1031 2026 1104 2085 iudi·

104 2112 178 2169 cium
193 2127 296 2168 meum.
328 2107 431 2186 Neque
447 2109 522 2167 enirn
536 2118 644 2168 tautum
663 2107 692 2167 id
709 2110 792 2182 dico,
815 2125 895 2183 euru,
918 2110 966 2186 qui
984 2111 1021 2168 sit
1039 2125 1104 2168 ora·

103 2203 165 2266 tor,
192 2194 283 2251 virum
307 2191 413 2250 bonum
435 2209 502 2251 esse
525 2201 678 2269 oportere,
707 2192 759 2250 sed
783 2209 819 2250 ne
840 2191 964 2251 laturum
986 2194 1104 2271 quidem

103 2285 248 2335 oratorem
261 2276 315 2335 nisi
331 2277 422 2335 virum
436 2276 551 2335 bouum.
581 2273 654 2334 Nam
674 2284 754 2335 certe
770 2293 865 2354 neque
882 2275 1102 2352 intelligentiam

103 2353 288 2419 concesseris
305 2359 358 2434 iis,
381 2361 445 2437 qui,
468 2360 619 2438 proposita
640 2358 826 2419 honestomm
847 2378 882 2419 ac
907 2363 1030 2437 turpium
1045 2363 1102 2434 via,

102 2444 233 2522 peiorem
248 2442 330 2519 sequi
345 2443 462 2518 malent,
479 2459 575 2521 neque
592 2443 782 2520 prudentiam,
799 2460 862 2502 cum
874 2445 903 2501 in
916 2445 1104 2520 gravissimas

103 2529 273 2606 frequenter
290 2526 403 2604 legum,
416 2544 535 2605 semper
550 2543 622 2586 vero
637 2527 730 2586 malae
747 2527 944 2587 conscientiae
960 2544 1072 2604 poenas
1087 2545 1104 2587 a

78 2617 194 2671 isemet
214 2612 287 2690 ipsis
311 2613 468 2690 improviso
485 2628 582 2670 rerum
599 2612 678 2671 exitu
694 2611 854 2670 induantur.
887 2608 999 2683 Quodsi
1014 2612 1102 2670 uemi·

102 2713 166 2754 nern
184 2695 288 2755 malum
305 2713 374 2755 esse
389 2697 444 2754 nisi
460 2695 577 2755 stultum
593 2694 726 2770 eundern,
744 2711 802 2753 uon
819 2694 904 2754 modo
924 2695 1105 2772 sapientibus

103 2778 280 2839 dicitursed
301 2781 389 2856 vulgo
412 2795 529 2860 quoque
552 2797 671 2857 semper
693 2788 737 2838 est
759 2777 914 2837 creditum:
944 2788 1025 2838 certe
1047 2795 1105 2838 non

103 2862 152 2920 fiet
173 2880 297 2941 unquam
323 2863 427 2923 stultus
453 2874 560 2924 orator.
602 2862 685 2923 Adde
701 2863 779 2941 quod
803 2880 840 2922 ue
867 2861 960 2921 studio
989 2862 1104 2939 quidem

103 2946 203 3021 operis
229 2944 414 3022 pulcherrimi
439 2965 546 3007 vacare
569 2964 650 3007 mens
675 2949 728 3029 uisi
756 2946 886 3005 omnibus
908 2947 984 3005 vitiis
1010 2944 1106 3005 libera

102 3037 215 3107 potest:
242 3030 362 3106 primum
384 3029 460 3107 quod
475 3032 504 3089 iu
519 3031 623 3093 eodem
640 3041 762 3110 pectore
777 3030 884 3090 nullum
904 3039 949 3088 est
964 3029 1103 3089 honesto·

102 3131 163 3171 rum
178 3112 358 3190 turpiumque
375 3117 568 3189 consortium,
585 3125 615 3174 et
631 3116 761 3190 cogitare
779 3115 886 3192 optima
902 3113 985 3172 simul
1002 3132 1037 3173 ac
1054 3115 1104 3172 de-

103 3198 218 3256 terrima
243 3211 301 3254 nou
325 3199 416 3273 magis
442 3206 488 3257 est
510 3201 593 3257 unius
614 3199 697 3257 animi
723 3216 807 3277 quam
831 3197 959 3256 eiusdem
981 3197 1106 3258 hominis

76 3278 206 3341 thanum
222 3297 289 3338 esse
305 3297 339 3338 ac
354 3280 472 3347 malum;
489 3290 547 3340 tum
563 3279 612 3340 illa
628 3297 744 3359 quoque
761 3299 911 3355 excausa,
930 3280 1009 3359 quod
1024 3298 1103 3339 men-

102 3371 160 3422 tem
177 3371 273 3423 tautae
289 3365 331 3421 rei
346 3365 482 3423 intentam
497 3381 604 3424 uacare
621 3363 752 3424 omuibus
768 3364 831 3424 aliis
848 3366 933 3423 etiam
952 3364 1038 3441 culpa
1055 3382 1102 3423 ca·

101 3446 231 3505 rentibus
249 3447 325 3506 curis
340 3456 465 3524 oportet.
501 3445 542 3506 lta
559 3448 670 3506 demum
686 3449 760 3507 enim
776 3447 868 3508 libera
885 3466 921 3508 ac
936 3456 1007 3522 tota,
1024 3447 1103 3506 nulla
