2408 3854
105 182 166 245 276
435 195 472 241 nr.
488 193 566 241 unu.
579 192 799 253 comminuunt

107 350 269 428 inquirere,
293 347 415 409 candide
435 366 481 407 me
504 357 590 427 atquc
612 347 783 427 simpliciter
801 349 831 408 in
849 351 979 411 notitiam
995 368 1109 432 eorum,

107 436 131 492 si
147 434 196 513 qni
210 433 287 493 forte
304 449 488 509 cognoscere
504 432 675 507 voluissent,
692 431 859 511 protulisse.
887 433 984 513 Atque
1000 436 1028 496 id
1043 439 1110 498 viro

78 516 185 586 9bono
203 515 272 577 satis
288 525 350 591 est,
367 515 503 576 docuisse
521 515 599 594 qnod
614 517 713 577 sciret.
745 515 862 576 Vereor
876 526 987 595 tamen,
1006 537 1044 579 ne
1059 531 1110 582 aut

106 618 209 678 magna
221 600 334 659 nimium
349 599 451 659 videar
465 599 598 677 exigere,
614 601 662 678 qni
678 599 802 660 eundem
814 601 906 660 virum
918 601 1024 662 bonnm
1039 622 1110 664 esse

107 693 137 744 et
158 683 272 744 dicendi
289 684 410 762 peritum
426 682 528 751 velim;
553 683 720 760 animulis,
743 685 791 762 qui
808 692 851 743 tot
868 684 978 746 artibus
993 686 1022 746 in
1037 705 1110 767 pue-

107 769 172 827 ritia
192 765 339 828 discendis
363 783 474 826 morum
495 784 612 847 quoque
635 776 795 846 praccepta
815 776 846 828 et
865 769 1017 830 scientiam
1037 772 1109 832 iuris

107 850 201 911 civilis
216 859 334 929 praeter
351 869 402 925 ea,
427 869 502 928 qnae
520 852 557 912 de
574 850 741 930 eloquentia
763 851 965 929 tradebantur,
991 855 1109 916 adiece-

105 936 174 1002 rim;
199 935 306 1012 qniqne
329 933 404 994 baec
423 937 509 1013 operi
526 943 626 995 nostro
647 936 816 997 necessaria
832 954 901 997 esse
919 936 1109 1012 crediderint,

104 1017 186 1079 uelut
201 1034 309 1079 moram
326 1018 370 1079 rei
385 1017 612 1097 perhorrescant
627 1029 656 1080 et
667 1019 826 1098 desperent
842 1029 908 1081 aute
924 1024 1110 1098 experimen-

67 1111 173 1165 lotnm.
210 1101 267 1176 ont
285 1103 405 1182 primum
421 1104 584 1163 renuntient
604 1102 673 1178 sibi,
698 1111 803 1183 quom
819 1105 856 1164 sit
871 1103 983 1164 bomani
999 1105 1110 1184 ingenii

106 1188 167 1262 vis,
189 1203 275 1265 quam
298 1195 402 1265 potens
424 1186 571 1247 efficiendi
594 1204 670 1269 quae
695 1186 781 1247 uelit:
816 1205 881 1248 cum
902 1189 991 1249 maria
1015 1199 1108 1251 traus-

24 1282 26 1287 '
105 1272 165 1346 ire,
181 1271 308 1331 siderum
322 1288 424 1331 cursus
440 1288 634 1348 numerosque
650 1286 852 1349 cognoscere,
867 1271 1000 1332 muudum
1015 1275 1110 1352 ipsum

106 1371 201 1434 paene
217 1354 340 1415 dimetiri
354 1356 482 1414 minores
497 1355 552 1415 sed
566 1353 746 1414 difficiliores
761 1364 840 1415 artes
855 1356 1009 1434 potuerint.
1036 1357 1109 1417 'l'uru

106 1439 251 1516 cogitent,
274 1447 406 1516 qnantum
421 1457 483 1498 rem
497 1447 611 1516 petant,
633 1456 776 1518 quamque
795 1438 890 1507 nullus
909 1441 946 1500 eit
966 1440 1024 1501 boc
1040 1459 1094 1519 pro

69 1523 203 1601 llposito
224 1521 353 1599 praemio
375 1520 460 1581 labor
478 1522 666 1583 recusandus.
700 1521 785 1596 Quod
808 1522 833 1582 ei
848 1532 945 1583 mente
961 1539 1109 1604 concepe-

106 1607 177 1666 rint:
194 1604 261 1665 buic
276 1620 393 1685 qnoque
408 1606 482 1685 perti
495 1605 609 1667 facilius
620 1605 774 1682 accedent,
789 1615 820 1666 nt
834 1607 927 1686 ipsum
941 1608 998 1667 iter
1012 1626 1109 1688 neque

105 1689 278 1769 impervium
291 1705 387 1771 neque
402 1689 505 1750 saltem
520 1689 619 1750 durum
632 1699 741 1770 putent.
772 1689 844 1751 Nam
859 1689 904 1767 id,
929 1691 1007 1770 quod
1028 1694 1109 1770 prius

108 1774 244 1854 qnodque
266 1774 356 1834 maius
378 1783 439 1851 est,
465 1782 496 1835 nt
517 1773 585 1834 boni
605 1775 659 1833 viri
682 1775 785 1846 simus,
813 1774 962 1835 voluntate
984 1778 1110 1837 maxime

109 1867 236 1926 constat;
253 1876 339 1938 qnam
351 1859 399 1938 qui
410 1853 481 1918 vera
496 1857 554 1918 lide
566 1859 700 1933 induerit,
717 1857 805 1919 facile
818 1858 947 1934 easdem,
967 1877 1042 1938 quae
1052 1862 1109 1920 vir·

67 1951 194 2006 latntem
208 1942 331 2016 docent,
347 1950 427 2002 artes
443 1942 580 2020 accipiet.
608 1939 712 2019 Neque
727 1942 802 2001 enim
817 1951 865 2002 ant
880 1951 937 2002 tam
952 1943 1109 2022 perplexa,

108 2036 156 2087 ant
175 2035 232 2086 tarn
254 2043 408 2088 numerosa
428 2034 492 2086 sunt
513 2042 588 2103 quae
609 2034 792 2104 promuntur,
815 2035 846 2085 ut
867 2043 925 2087 non
950 2044 1110 2105 paucorum

108 2109 260 2171 admodum
276 2127 413 2170 annorum
435 2110 594 2169 intentione
616 2109 772 2170 discantur.
804 2109 933 2188 Longam
949 2108 1025 2171 enim
1040 2112 1111 2173 iacit

108 2211 239 2273 operam,
253 2192 331 2272 qnod
342 2211 550 2271 repugnemus;
563 2192 661 2253 brevis
673 2203 718 2253 cet
729 2194 866 2255 institutio
878 2196 953 2254 vitae
965 2194 1112 2256 honestae

108 2278 289 2355 beataeque,
311 2277 335 2335 si
350 2276 464 2338 credas.
496 2273 604 2337 Natura
619 2279 696 2337 enim
710 2294 764 2337 nos
779 2277 816 2338 ad
830 2288 955 2339 mentem
973 2281 1109 2358 optimam

107 2361 223 2439 gennit,
245 2360 380 2439 adeoque
403 2359 519 2420 discere
543 2360 664 2422 meliora
685 2361 850 2422 volentibus
869 2372 1033 2442 promptum
1051 2373 1107 2439 est,

107 2454 138 2504 ut
152 2461 224 2504 vere
239 2445 359 2504 intuenti
370 2443 470 2504 mirum
484 2444 522 2503 sit
533 2443 604 2504 illud
615 2445 717 2522 magis,
732 2445 825 2505 malos
841 2463 909 2505 esse
921 2456 978 2507 tam
992 2446 1109 2508 multos.

67 2527 177 2594 nattam
194 2537 224 2589 nt
240 2546 315 2608 aqna
333 2527 480 2606 piscibus,
502 2535 533 2586 ut
548 2525 627 2589 sicca
647 2530 790 2604 terrenis,
813 2529 1003 2590 circumfusus
1024 2530 1110 2591 nobis

108 2614 225 2692 spiritus
237 2611 407 2673 volucribus
419 2612 567 2672 convenit:
582 2612 623 2672 ita
637 2621 719 2674 certe
733 2612 847 2673 facilius
865 2631 932 2674 esse
953 2615 1111 2693 oportebat

109 2697 267 2759 secundum
292 2706 420 2756 naturam
443 2713 528 2775 qnam
544 2704 643 2756 contra
659 2713 723 2756 eam
743 2697 855 2756 vivere.
894 2695 1002 2759 Getera
1023 2716 1108 2774 vero,

109 2781 221 2841 etiarnsi
243 2789 368 2841 aetatem
388 2787 515 2839 nostram
536 2796 593 2840 non
608 2780 702 2858 spatio
723 2781 882 2842 senectutis
900 2782 953 2843 sed
974 2791 1109 2862 tempore

109 2863 327 2924 adolescentiae
342 2864 506 2940 metiamur,
529 2862 643 2924 abunde
659 2864 765 2925 multos
781 2864 817 2925 ad
833 2865 1002 2927 discendnm
1017 2883 1109 2927 annos

108 2946 226 3007 babent.
253 2944 353 3006 Omnia
369 2948 444 3008 enim
459 2946 594 3009 breviora
609 2947 712 3008 reddet
728 2949 800 3009 ordo
816 2957 846 3008 et
860 2952 934 3010 ratio
950 2959 980 3011 et
993 2950 1107 3010 modus.

68 3029 168 3091 lised
184 3030 270 3109 culpa
288 3040 333 3091 est
346 3032 374 3090 in
390 3031 631 3110 praeceptoribus
646 3033 752 3110 prima,
776 3033 825 3111 qui
840 3032 966 3094 libenter
981 3034 1110 3094 detinent
1176 3037 1182 3047 '

110 3130 183 3193 quos
200 3125 433 3193 occupaverunt,
458 3116 561 3193 partim
582 3114 736 3192 cupiditate
756 3116 860 3176 diutius
879 3118 1016 3195 exigendi
1033 3136 1108 3177 mer-

110 3197 229 3259 cedulas
244 3201 348 3276 partim
363 3198 528 3273 ambitione,
545 3215 602 3276 quo
618 3197 762 3258 difficilius
778 3201 815 3260 sit
829 3201 907 3278 qnod
921 3201 1108 3280 pollicentur,

110 3283 212 3358 partim
229 3282 315 3344 etiem
334 3284 486 3343 inscientia
505 3280 637 3342 tradendi
650 3281 698 3342 vel
713 3284 901 3362 negligentia.
932 3285 1065 3346 Proxima
1080 3286 1109 3345 in

110 3365 210 3440 nobis,
234 3368 282 3444 qni
299 3367 404 3427 morari
424 3365 453 3424 in
474 3381 512 3424 eo
528 3363 606 3443 quod
620 3366 767 3443 novimus,
791 3386 875 3446 quem
899 3369 1016 3429 discere
1032 3387 1108 3449 qnae

71 3450 232 3540 tononldnm
250 3452 372 3526 scimus,
395 3448 499 3509 melius
521 3457 661 3527 putamus.
700 3447 773 3510 Nam
790 3462 820 3511 nt
840 3453 876 3513 de
892 3454 1000 3513 nostris
1016 3453 1107 3531 potis-

107 3582 247 3616 Α
