2408 3854
360 185 451 233 suso.
469 184 618 234 curuos.
632 186 701 233 uus.
713 185 760 252 11,
777 181 804 235 e.
1025 172 1088 235 213

82 340 151 400 dum
166 339 227 399 dari
242 347 364 417 possunt
379 346 423 398 tot
439 336 572 397 civilibus
590 337 695 398 ciliciis
712 346 873 417 occupato,
897 357 953 400 uec
966 357 1089 420 praepa·

85 440 150 483 rare
166 421 202 482 ab
217 422 280 482 imis
296 423 375 482 souis
390 436 494 481 vocem
509 421 546 481 ad
562 436 704 497 summos,
729 439 785 481 uec
800 438 917 500 semper
938 440 955 483 a
971 432 1089 484 conteu-

84 508 163 566 tione
189 505 317 566 condere
338 505 435 578 licet,
453 522 518 563 cum
538 502 668 582 pluribus
690 503 804 565 iudiciis
826 521 917 583 saepe
938 505 1090 568 dicendum

83 590 130 648 sit.
170 587 215 648 Ne
237 589 367 648 ciborum
389 587 505 666 quidem
525 596 570 646 est
592 587 694 648 eudem
715 587 892 647 observatio.
928 586 994 650 Nou
1016 591 1131 651 euimtd

13 747 16 753 1
83 683 139 732 tam
159 672 240 732 molli
263 681 422 750 teneraque
441 686 517 731 voce
539 687 623 748 quam
643 671 711 730 iorti
733 688 768 732 ac
788 670 911 732 durabili
932 689 1007 751 opus
1027 683 1088 743 est;

84 773 148 815 cum
165 755 208 815 illi
222 771 322 815 omues
338 756 423 814 etiam
439 753 594 814 altissimos
609 770 699 813 sonos
715 754 822 814 leniant
838 764 923 816 cnutu
941 757 1015 833 oris,
1037 774 1088 816 uo·

83 841 127 898 bis
147 838 288 917 pleraque
309 837 714 917 aspere-sintsooueltateque
735 838 857 898 dicenda
879 846 908 898 et
924 839 1089 916 vigilandae

82 930 184 982 noctes
201 929 230 981 et
244 921 338 999 fuligo
353 919 580 981 lucubrationum
594 918 719 980 bibenda
736 928 767 980 et
781 920 921 982 insudate
936 933 1020 983 veste
1038 923 1088 985 du·

81 1006 208 1066 randum.
243 1004 340 1078 Quare
359 1021 463 1064 vocem
478 1003 591 1064 deliciis
607 1020 665 1062 nou
678 1003 857 1080 molliamus,
875 1023 930 1065 nec
947 1006 1129 1067 imbuaturtl

83 1108 117 1148 ea
141 1089 368 1164 cousuetudine,
398 1105 483 1167 quam
504 1088 655 1147 desertura
675 1090 726 1155 sit;
745 1087 809 1147 sed
830 1089 1002 1148 exercitatio
1024 1091 1086 1149 eius

12 1239 15 1242 ,
82 1172 148 1232 talis
162 1173 199 1231 sit
216 1171 308 1250 qualis
329 1190 415 1246 usus,
438 1189 494 1230 uec
509 1169 625 1230 silentio
648 1169 778 1231 subsidat
798 1170 851 1231 sed
873 1171 1001 1231 lirmetur
1018 1189 1087 1233 cou-

81 1256 251 1331 suetudine,
281 1272 338 1333 qua
360 1254 515 1315 difficultas
537 1255 629 1314 omnis
649 1254 772 1314 levatur.
811 1253 954 1314 Edissere
981 1263 1129 1333 autem‚25

81 1354 138 1415 quo
155 1340 333 1414 exercearis,
350 1341 405 1398 erit
420 1335 572 1418 optimum:
588 1355 653 1398 nam
670 1356 708 1398 ex
719 1347 852 1415 tempore
868 1338 1000 1398 dieentes
1018 1357 1086 1400 avo·
1175 1389 1177 1392 Α

81 1430 127 1480 cat
146 1439 162 1480 a
178 1438 246 1480 cura
261 1423 344 1481 vocis
358 1422 421 1497 ille,
438 1423 487 1500 qui
503 1440 542 1481 ex
556 1421 645 1489 rebus
660 1423 732 1501 ipsis
749 1423 926 1500 concipitur,
947 1422 1085 1492 allectum

82 1513 112 1563 et
131 1504 265 1564 ediscere
290 1522 373 1582 quum
394 1505 636 1580 maximianis,
662 1522 736 1584 quae
762 1514 791 1566 et
813 1505 970 1566 clamorem
993 1517 1023 1567 et
1046 1508 1086 1567 di·

81 1588 274 1666 sputationem
289 1597 319 1647 ct
334 1604 496 1646 sermonem
512 1597 541 1647 et
552 1587 647 1650 flexus
658 1588 793 1665 labeant,
810 1598 840 1649 ut
851 1590 935 1650 simul
950 1593 978 1651 iu
994 1591 1088 1651 omniu

79 1688 223 1750 paremur.
254 1669 318 1730 lloc
333 1671 403 1730 satis
419 1680 473 1730 est.
504 1669 625 1753 Alioqui
641 1672 729 1732 nitide
743 1672 793 1732 illa
810 1681 839 1731 et
857 1683 956 1734 curata
970 1691 1029 1733 vox
1046 1677 1129 1736 into

80 1755 195 1813 solitum
210 1753 340 1814 laborem
359 1753 522 1829 recusabit,
544 1763 575 1813 ut
589 1763 705 1814 assueta
720 1756 875 1831 gymnasiis
892 1765 921 1815 et
937 1756 1005 1816 oleo
1022 1773 1086 1817 cor·

80 1854 169 1915 pora,
192 1837 349 1914 quamlibet
365 1837 422 1896 siut
438 1835 467 1896 in
483 1838 544 1896 suis
561 1837 763 1897 certaminibus
780 1839 916 1915 speciosa
935 1848 1021 1919 atque
1039 1857 1086 1898 ro·

79 1920 175 1996 busta,
191 1922 216 1978 si
230 1920 353 1980 militare
369 1921 424 1980 iter
440 1920 609 1999 fascemque
626 1929 655 1979 et
669 1920 783 1998 vigilias
798 1922 936 1999 imperes,
953 1923 1086 1983 deficiant

81 2013 110 2063 et
131 2012 269 2082 quaerant
289 2011 428 2064 unctores
449 2020 521 2063 suos
540 2003 703 2082 nudumque
724 2003 870 2064 sudorem.
903 2004 956 2065 llla
972 2008 1127 2085 quideml'l

79 2090 107 2146 in
123 2087 180 2146 boc
196 2103 288 2166 opere
303 2088 434 2167 praecipi
451 2088 515 2167 quis
530 2087 616 2163 ierat,
632 2088 766 2149 vitandos
782 2088 864 2148 soles
879 2097 966 2167 atque
980 2096 1085 2151 ventos

81 2179 110 2230 et
125 2169 222 2230 nubila
244 2173 330 2232 etiam
346 2188 386 2231 ac
410 2168 579 2231 siccitates?
610 2169 668 2246 lta,
690 2173 715 2232 si
732 2171 883 2232 dicendum
903 2175 931 2232 iu
949 2173 1014 2233 sole
1038 2184 1087 2235 aut

79 2263 221 2330 ventoso,
246 2255 379 2332 humido,
404 2255 498 2316 calido
519 2256 565 2316 die
581 2255 685 2332 luerit,
707 2272 776 2315 reos
797 2254 987 2318 deseremus?
1013 2256 1087 2318 Nam

81 2338 199 2398 crudum
221 2339 337 2416 quiden
352 2348 401 2400 eut
416 2348 543 2399 saturum
563 2348 612 2400 aut
628 2338 739 2399 ebrium
755 2349 803 2400 aut
818 2341 916 2401 eiecto
930 2341 1017 2402 modo
1033 2359 1086 2401 vo·

78 2423 160 2495 mitu,
178 2439 254 2498 quae
270 2424 399 2483 cavenda
414 2422 527 2500 quidam
542 2432 670 2499 mouent,
687 2423 851 2484 declamare
866 2425 1020 2500 nemiuem,
1037 2427 1086 2503 qui

79 2505 116 2561 sit
130 2505 241 2562 mentis·
251 2521 388 2582 compos,
413 2515 494 2583 puto.
532 2504 607 2566 lllud
621 2523 680 2566 non
696 2508 865 2566 sius-causa
885 2516 929 2566 est
944 2507 980 2566 ab
996 2509 1128 2576 omui-se

79 2585 133 2644 bus
155 2595 361 2664 praeceptum,
382 2597 413 2647 ut
433 2598 570 2665 parcatur
587 2591 710 2648 menime
725 2591 793 2648 voci
812 2590 843 2647 in
859 2588 944 2649 illos
962 2591 1104 2668 pueritia·

78 2669 107 2727 in
122 2668 350 2731 adolescentiam
364 2673 503 2748 marsim,
519 2672 586 2749 quia
600 2671 769 2731 naturaliter
783 2672 952 2750 impeditor,
969 2690 1036 2750 nou,
1055 2680 1087 2733 ut

78 2751 219 2827 arbitror,
236 2761 358 2831 propter
373 2752 517 2829 celorem,
536 2754 614 2833 quod
629 2753 743 2832 quidam
758 2763 944 2832 putaverunt;
960 2775 1024 2816 nam
1040 2765 1087 2817 est

77 2836 168 2895 maior
183 2836 270 2905 alias;
286 2838 339 2897 sed
354 2845 477 2915 propter
490 2837 639 2897 humorem
654 2838 765 2915 potius3
787 2838 923 2900 namhoc
938 2849 1018 2901 aetas
1033 2840 1085 2901 illa

77 2921 227 3003 turgescit.
261 2918 364 2998 ltaque
385 2938 471 2979 nares
488 2921 573 2980 etiam
591 2939 627 2980 ac
641 2929 745 3000 pectus
763 2940 799 2982 eo
815 2931 947 3002 tempore
963 2930 1127 3000 tumentis

78 3010 165 3078 atque
181 3005 281 3064 'omnia
302 3003 383 3065 uelut
404 3001 567 3080 germinant
587 3021 682 3083 eoque
704 3015 770 3066 suut
790 3015 891 3067 terrere
911 3016 942 3067 et
963 3009 1084 3068 iniuriae

78 3083 213 3146 obnoxia.
251 3087 326 3163 Sed,
352 3095 383 3147 ut
403 3086 442 3148 ad·
461 3089 642 3167 propositum
664 3088 798 3166 redeam,
817 3092 874 3151 ian
898 3092 1083 3151 confirmatae

77 3169 310 3248 constitutosque
321 3171 404 3231 vocis
415 3186 508 3248 genus
521 3173 741 3233 exercitationis
750 3175 886 3251 optimum
897 3173 984 3248 duco,
1005 3172 1083 3250 quod

77 3259 123 3309 est
139 3253 222 3328 operi
244 3252 431 3329 simillimum,
452 3253 552 3315 dicere
571 3256 678 3338 cotidie
698 3257 774 3316 sicut
794 3258 914 3334 agimus.
950 3255 1083 3334 Namque

75 3332 133 3394 hoc
148 3334 235 3394 modo
248 3351 306 3396 nou
316 3351 376 3396 vox
389 3345 496 3399 tautum
512 3339 695 3399 confirmatur
706 3349 735 3399 et
746 3338 832 3414 latus,
850 3338 903 3398 sed
918 3340 1003 3398 etiam
1016 3354 1080 3398 cor·

75 3419 157 3494 poris
176 3418 286 3479 decens
302 3428 332 3479 et
349 3420 580 3482 accommodatus
597 3423 720 3482 orationi
735 3431 829 3482 motus
846 3422 1042 3499 componitur.
