2408 3854
119 185 180 249 270
436 195 803 254 M.FAB.Q111NT1L1AN1

118 370 197 429 mus,
221 351 299 431 quod
319 349 469 410 ueteribus
484 350 702 428 praecipucque
718 348 839 410 Graecis
859 349 888 408 in
908 369 962 409 usu
985 367 1043 410 nou
1061 349 1126 422 iuit,

120 435 213 516 (apud
233 432 407 496 Ciceronem
429 434 503 493 enim
524 434 657 513 invenio)
683 434 749 494 dum
769 450 830 492 rem
847 435 1012 494 contineant
1027 442 1057 494 et
1074 449 1126 493 co·

120 521 168 599 pia
183 536 241 579 non
255 518 417 579 redundent
432 516 508 577 etad
521 518 672 577 uictoriam
687 526 835 596 spectent,
852 519 916 596 quis
930 518 1001 578 utile
1013 513 1127 594 neget?

118 602 237 665 Feriunt
264 604 386 662 animum
415 610 444 661 et
472 617 529 660 uno
556 601 615 661 ictu
641 601 812 681 frequenter
833 601 984 680 impellunt
1007 609 1037 661 et
1061 601 1127 680 ipsa

119 687 262 748 brevitate
278 687 369 763 magis
385 684 507 744 haerent
524 693 554 744 et
571 684 766 745 delectatione
784 685 971 763 persuadent.

78 784 112 839 49
203 771 242 830 m
269 779 333 829 sunt
359 769 407 847 qui
434 767 510 828 baec
537 769 708 829 excitatiora
735 769 856 844 lumina,
885 769 998 830 etiamsi
1024 768 1127 829 dicere

121 856 302 936 permittant,
333 871 349 912 a
378 852 587 931 componendis
613 862 709 913 tamen
737 851 916 914 cretionibus
942 851 1127 913 excludenda

120 939 303 1003 arbitrentur.
347 934 493 1009 Quocirca
519 936 649 997 mihine
677 937 725 997 bio
751 936 866 1016 quidem
891 936 975 997 locus
1001 937 1128 995 intactus

121 1032 166 1083 est
185 1021 374 1098 omittendus,
396 1020 474 1100 quod
497 1020 596 1099 plures
616 1020 793 1082 eruditomm
810 1020 895 1082 aliam
919 1038 988 1080 esse
1010 1018 1128 1079 dicendi

120 1107 260 1168 rationem
277 1105 361 1166 aliam
377 1104 524 1165 scribendi
539 1113 725 1184 putaverunt;
747 1105 874 1184 ideoque
888 1106 916 1165 in
934 1103 1049 1181 agendo
1066 1102 1126 1162 ola·

120 1192 251 1252 rissimos
275 1188 415 1267 quosdam
439 1188 508 1249 nibil
531 1189 695 1267 posteritati
717 1191 916 1268 mansurisque
936 1204 1005 1248 mox
1020 1187 1127 1247 litteris

120 1276 288 1355 reliquisse,
307 1282 337 1332 ut
352 1272 507 1348 Periclem,
525 1281 555 1332 ut
571 1271 732 1349 Demaden,
749 1290 848 1332 rursus
864 1272 938 1332 alios
955 1272 992 1333 ad
1007 1287 1126 1348 compo·

121 1359 244 1419 nendum
260 1359 386 1435 optimos
401 1355 564 1417 actionibus
579 1356 702 1416 idoneos
720 1371 776 1416 non
792 1356 899 1431 inisse,
916 1365 946 1416 ut
958 1355 1126 1421 Isocratem

79 1452 278 1521 topraeterea
301 1441 329 1498 in
344 1440 460 1517 agendo
482 1440 547 1518 plus
568 1442 692 1520 impetus
714 1440 886 1520 plerumque
903 1449 933 1501 et
947 1441 1053 1519 petitas
1076 1437 1127 1498 vel

123 1526 208 1606 paulo
231 1525 365 1586 licentius
386 1523 571 1602 voluptates,
592 1524 818 1584 commovendos
841 1526 916 1585 enim
933 1541 1001 1584 esse
1018 1523 1125 1583 ducen-

122 1612 235 1689 dosque
258 1610 368 1669 animos
389 1608 600 1685 imperitorum
624 1617 653 1668 at
673 1609 752 1688 quod
773 1608 854 1669 libris
877 1607 1027 1669 dedicatur
1048 1613 1078 1665 et
1098 1606 1128 1665 iu

123 1693 287 1772 exemplum
303 1691 406 1768 editur,
421 1700 531 1752 tersum
547 1709 582 1752 ac
597 1692 723 1753 limatum
739 1692 819 1753 etad
834 1693 932 1769 legem
947 1709 982 1751 ac
994 1689 1127 1767 regulam

123 1777 314 1856 compositum
336 1792 405 1836 esse
429 1785 586 1855 oportere,
608 1776 674 1855 qnia
691 1777 788 1837 veniat
809 1778 837 1835 iu
852 1793 952 1836 manus
973 1774 1127 1834 doctorum

81 1877 112 1928 51
123 1871 152 1923 et
167 1861 279 1922 iudices
294 1861 363 1921 artis
385 1859 492 1920 habeat
513 1860 651 1920 artifices.
684 1859 759 1934 Quin
782 1859 824 1920 illi
847 1859 969 1920 subtiles
986 1858 1033 1937 (ut
1048 1858 1113 1917 simi

122 1946 197 2006 libus
214 1944 310 2004 multis
325 1947 548 2024 persuaserunt)
565 1946 694 2021 magistri
708 1935 895 2025 παράδειγμα
916 1942 1057 2018 dicendo,
1079 1939 1126 2000 io·-

121 2023 247 2107 θύμημα
263 2027 418 2088 scribendo
435 2046 503 2088 esse
519 2028 623 2107 aptius,
639 2027 824 2088 tradiderunt.
853 2027 922 2087 ttiht
938 2044 1022 2086 unum
1037 2034 1126 2105 atque

122 2113 197 2173 idem
212 2112 326 2172 videtur
342 2111 418 2171 bene
434 2112 533 2172 dicere
549 2130 584 2172 ac
600 2110 675 2172 bene
692 2112 834 2187 scribere,
850 2129 947 2191 neque
963 2109 1040 2170 aliud
1057 2126 1126 2169 esse

123 2197 215 2257 oratio
242 2198 351 2273 scripta
377 2212 462 2272 quam
486 2203 699 2256 monumentum
721 2198 844 2256 actionis
864 2195 991 2256 habitae.
1024 2193 1126 2273 ltaque

123 2280 217 2340 nullas
232 2297 299 2354 non,
317 2288 346 2338 ut
362 2279 476 2357 opinor,
494 2279 583 2339 debet
597 2278 718 2356 babere,
733 2281 855 2339 virtutes
871 2279 955 2355 dico,
973 2294 1032 2337 non
1046 2277 1124 2337 vitia.

123 2363 195 2423 Nam
210 2363 348 2440 imperitis
361 2362 480 2440 plaeere
496 2362 650 2443 aliquando
665 2381 739 2443 quae
755 2364 859 2424 vitiosa
875 2365 941 2439 sint,
958 2362 1031 2422 scio.
1060 2360 1125 2435 Quo

83 2448 258 2508 abdiderant
273 2442 380 2523 igitur?
417 2445 528 2520 Quodsi
543 2447 611 2507 mibi
629 2447 683 2508 des
705 2446 856 2508 consilium
870 2448 994 2509 iudicum
1010 2446 1126 2524 sapien·

125 2543 198 2607 tum,
222 2548 362 2610 perquam
385 2530 473 2592 multa
493 2531 621 2592 recidam
644 2550 682 2592 ex
705 2532 882 2593 orationibus
900 2549 959 2592 non
975 2528 1126 2590 Ciceronis

125 2616 211 2676 modo
229 2615 281 2675 sed
298 2617 384 2677 etiam
400 2617 480 2692 eius,
505 2617 554 2695 qui
573 2625 618 2676 est
633 2616 761 2676 strictior
780 2617 885 2693 multo,
909 2614 1125 2676 Demosthenis.

125 2699 228 2778 Neque
245 2701 320 2760 enim
336 2700 457 2761 allectus
474 2703 588 2760 omuino
604 2700 739 2760 morendi
756 2709 854 2775 erunt,
870 2717 927 2761 nec
941 2716 1026 2759 aures
1045 2696 1126 2757 dele·

126 2784 250 2844 statione
275 2784 461 2859 mulcendae,
487 2803 551 2844 cum
570 2785 655 2844 etiam
676 2785 827 2864 prooemia
852 2799 1033 2863 supervacua
1057 2798 1125 2840 esse

126 2866 201 2944 apud
220 2867 296 2927 tales
317 2867 494 2928 Aristoteles
515 2869 674 2937 existimem
696 2886 755 2928 non
770 2868 846 2929 enim
861 2867 1010 2927 trahentur
1023 2864 1068 2925 bis
1085 2863 1127 2923 illi

126 2951 289 3028 sapientes;
313 2953 432 3029 proprie
457 2960 487 3011 et
508 2952 703 3029 significanter
723 2970 785 3013 retu
807 2952 952 3025 indicare,
977 2948 1126 3029 probatio·

85 3041 180 3095 53nes
197 3032 356 3109 colligere,
381 3036 451 3094 satis
469 3045 523 3095 est.
557 3033 628 3097 Cum
648 3053 720 3096 uero
736 3035 825 3096 iudex
840 3035 924 3096 detur
938 3041 987 3094 aut
1000 3031 1128 3113 populus

126 3125 175 3177 aut
197 3134 235 3177 ox
254 3116 382 3196 populo,
409 3117 552 3198 laturique
578 3121 748 3181 sententiam
772 3119 882 3180 indocti
905 3118 1022 3197 saepius
1040 3125 1128 3196 atque

126 3202 238 3261 interim
253 3201 368 3260 rustici:
397 3202 508 3279 omnia,
532 3221 606 3282 quae
628 3202 664 3263 ad
685 3203 888 3280 obtinendum,
912 3201 990 3282 quod
1006 3199 1127 3262 intendi·

127 3303 205 3362 mus,
224 3284 367 3365 prodesse
383 3285 551 3362 credemus,
574 3285 736 3349 adhibenda
751 3297 827 3357 sunt3
846 3303 942 3367 eaque
959 3294 991 3345 et
1006 3303 1070 3345 curu
1086 3284 1127 3344 di·

128 3370 218 3428 cimus
232 3368 390 3449 promenda
409 3378 438 3429 ot
454 3387 517 3430 curn
533 3369 683 3431 scribimus
699 3371 878 3432 ostendenda
892 3378 974 3446 sunt,
998 3370 1022 3428 si
1040 3367 1127 3428 modo

85 3451 193 3514 taideo
215 3453 382 3530 scribimus,
409 3461 439 3513 ut
468 3453 626 3515 doceamus
651 3455 795 3535 quomodo
819 3456 876 3516 dioi
901 3460 1045 3533 oporteat.
1081 3447 1128 3510 An
