2408 3854
341 230 430 282 nasu.
445 231 595 281 aaaron.
608 227 808 296 nnn.vn1,o.
1047 224 1086 282 77

76 385 153 450 liant
173 395 204 448 et
226 405 342 449 oenmto
363 403 491 448 murore
514 397 543 447 et
563 388 683 466 ferrum
709 405 836 449 armore
856 387 1006 448 translatio
1031 400 1085 451 est.

75 472 226 532 secantur
241 469 315 531 haec
330 472 358 529 in
374 469 491 549 plnres:
517 479 548 530 nt
565 489 581 531 a
598 469 732 531 rationali
752 468 788 532 ad
805 471 948 531 rationale
966 481 995 532 et
1011 472 1129 539 idcm13

76 554 116 616 de
139 553 372 623 irrationalibus;
396 563 425 614 et
441 555 515 632 hacc
531 556 670 630 invicem,
695 553 799 633 quibus
818 554 919 615 similis
937 557 1010 616 ratio
1029 568 1085 633 est,

77 636 110 701 ει
125 656 142 699 a
159 646 223 699 toto
240 645 270 698 et
285 656 301 698 a
316 637 456 716 partibus.
497 638 555 698 Sed
571 640 626 699 iam
641 654 699 697 non
714 640 811 717 pueris
827 640 1037 718 praecipimus,
1056 651 1087 702 nt

75 730 204 801 accepto
219 740 331 801 genere
348 723 465 800 species
482 722 646 799 intelligere
660 739 718 781 non
733 723 856 800 possint.

162 805 201 866 Ut
217 806 348 867 modicus
364 814 459 865 autern
479 814 566 884 atque
588 814 767 884 opportunus
790 809 939 882 eiususus
961 808 1128 874 illustram

78 891 256 951 orationem:
282 892 320 951 ita
336 890 474 969 frequens
493 899 521 949 ct
537 889 675 950 obscurat
695 900 724 950 et
739 890 836 950 taedio
853 891 996 970 complet,
1016 911 1084 953 con·

75 976 172 1035 tinnns
188 991 260 1034 vero
272 977 301 1033 in
312 974 471 1053 allegorias
485 982 514 1033 ct
530 975 691 1051 aenigmata
705 975 773 1033 exit.
807 974 879 1034 Sunt
895 977 981 1035 etiam
997 994 1083 1054 quae-

78 1059 144 1120 dam
160 1068 190 1119 et
204 1058 326 1119 humiles
343 1058 564 1133 translationes,
587 1067 617 1117 ut
633 1057 679 1133 id,
702 1058 810 1137 dequo
828 1058 914 1118 modo
932 1059 1007 1135 dixi,
1026 1061 1084 1122 So-

75 1161 140 1205 seu
160 1151 376 1220 cathenaco,
399 1152 427 1203 et
451 1141 596 1203 sordidae.
635 1140 701 1200 Non
726 1143 816 1216 enirn,
841 1143 866 1200 si
883 1139 988 1202 Cicero
1003 1154 1125 1211 recte15

74 1227 227 1290 sentinam
244 1228 447 1306 reipublicae
463 1227 550 1302 dixit,
568 1226 736 1286 foeditatem
746 1225 890 1285 hominnm
906 1226 1083 1305 significans,

75 1309 188 1371 idcirco
205 1310 327 1389 probem
342 1310 412 1371 illud
425 1327 541 1390 quoqne
553 1311 663 1370 veteris
679 1311 820 1386 oratoris,
838 1307 1024 1372 Persecoisti
1037 1315 1085 1374 rei

72 1395 221 1476 publicos
234 1397 379 1460 comicos.
414 1393 586 1474 Optimeque
600 1391 705 1455 Cicero
719 1393 897 1455 demonstrat
913 1396 1081 1473 cavendum,

74 1496 113 1538 ne
131 1479 169 1538 sit
192 1478 330 1539 deformis
351 1479 518 1539 translatio:
551 1478 644 1558 qualis
666 1487 712 1538 est
734 1479 815 1558 (nam
841 1480 912 1557 ipsis
934 1481 996 1539 eius
1020 1489 1083 1541 utar

75 1562 236 1642 exemplis)
250 1560 425 1626 Costrotom
436 1573 532 1626 morte
542 1559 687 1641 Africani
696 1581 762 1624 rem
773 1563 945 1643 publicam,
958 1571 987 1623 et
997 1562 1081 1625 Ster-

72 1666 132 1708 cus
147 1648 255 1708 curiae
266 1647 447 1719 Glaucum
469 1666 505 1707 ne
521 1649 606 1707 nimio
622 1649 713 1706 maior
728 1655 790 1723 aut,
810 1647 886 1725 qnod
900 1649 1017 1726 saepius
1033 1666 1081 1709 ac·
1092 1658 1125 1712 16

75 1729 161 1807 cidit,
186 1731 293 1800 minor;
316 1749 352 1791 ne
373 1730 528 1792 dissimilis.
579 1728 705 1804 §uorum
728 1731 862 1808 exempla
885 1732 999 1790 nimium
1022 1731 1080 1791 ire·

71 1823 199 1893 quenter
216 1814 433 1894 deprehendet,
451 1817 498 1894 qui
517 1814 616 1874 scierit
633 1814 708 1874 haec
724 1815 791 1874 vitia
808 1832 886 1873 esse.
921 1815 980 1874 Sed
996 1817 1081 1893 copia

72 1913 193 1978 qnoque
208 1899 322 1960 modum
337 1916 459 1977 egressa
475 1899 581 1959 vitiosa
597 1907 658 1974 est,
676 1899 835 1976 praecipue
850 1899 878 1956 in
894 1898 996 1957 eadem
1014 1917 1080 1977 spe·

72 1982 131 2042 cie.
167 1983 239 2043 Snnt
261 1993 290 2043 et
307 1983 418 2059 durae,
435 1983 464 2043 id
486 1991 531 2042 est
547 2000 564 2043 a
579 1981 736 2060 longinqua
757 1981 942 2041 similitudine
958 1981 1122 2048 ductae:lt

72 2074 104 2126 nt
120 2068 233 2145 capitis
246 2069 332 2130 uices
348 2076 377 2127 et
1080 2080 1084 2087 ·

200 2149 341 2231 Iuppiter
352 2152 498 2213 itidemne
513 2169 595 2213 cono
608 2152 679 2212 uice
694 2151 833 2229 conspuit
848 2148 952 2228 Alpes.

71 2233 105 2294 ln
121 2234 174 2294 illo
189 2252 260 2294 vero
277 2235 430 2314 plurimum
447 2235 573 2312 erroris,
596 2235 673 2313 quod
689 2252 739 2311 ea,
758 2251 832 2313 quae
848 2235 960 2312 poetis,
982 2234 1030 2312 qui
1051 2245 1080 2295 et

72 2319 169 2379 omnia
191 2319 226 2379 ad
242 2319 421 2398 voluptatem
441 2320 571 2380 reiernnt
594 2327 623 2378 et
639 2319 760 2397 plurima
780 2327 897 2378 vertere
914 2319 999 2378 etiam
1016 2319 1079 2397 ipsa

71 2403 157 2462 metri
168 2405 345 2463 necessitate
362 2412 520 2481 coguntur,
537 2404 680 2482 permissa
692 2412 773 2480 sunt,
793 2405 950 2464 convenire
966 2403 1080 2480 qnidam

72 2487 160 2546 etiam
171 2502 277 2564 prosae
295 2496 404 2565 putant.
436 2487 475 2547 Αι
491 2504 548 2566 ego
564 2488 592 2546 in
608 2487 721 2565 agendo
737 2505 792 2547 neo
805 2495 961 2567 pastorem
974 2489 1081 2566 popolo·
1091 2490 1123 2544 18

72 2578 194 2630 anctore
221 2569 348 2630 Homero
377 2572 514 2646 dixerim,
543 2589 598 2631 nec
624 2571 762 2630 volucres
785 2572 896 2649 pennis
915 2572 1078 2648 remipure,

72 2653 143 2715 licet
164 2653 221 2714 hoc
240 2655 388 2732 Vergilius
415 2656 443 2714 in
465 2654 567 2734 apibus
591 2673 626 2715 ac
646 2652 777 2715 Daedalo
800 2654 1017 2732 speciosissime
1044 2654 1081 2711 sit

71 2755 154 2798 nsns.
195 2736 367 2817 hietaphora
386 2741 461 2799 enim
484 2749 532 2812 ant
546 2748 698 2801 vacantem
714 2754 861 2817 occupare
880 2737 975 2797 locum
992 2735 1080 2796 debet

72 2829 139 2898 aut,
156 2823 181 2881 si
199 2823 227 2880 in
241 2823 365 2883 alienum
381 2825 477 2900 venit,
495 2823 561 2901 plns
577 2823 678 2884 valere
695 2839 748 2898 eo,
766 2821 843 2900 quod
861 2820 993 2899 expellit.

158 2904 242 2978 Quod
254 2925 348 2986 paene
364 2908 448 2967 etiam
460 2907 552 2984 magis
564 2907 601 2966 de
617 2905 861 2981 synecdoche
883 2905 983 2965 dicam.
1009 2903 1118 2970 Namli

73 2988 224 3051 translatio
246 2991 451 3069 permovendis
474 2991 572 3050 animis
592 2989 761 3068 plerumque
784 2999 812 3049 et
828 2988 974 3068 signandis
992 2987 1079 3047 rebus

73 3090 110 3135 ao
125 3072 178 3132 sub
197 3073 301 3137 oculos
318 3074 504 3135 subiiciendis
518 3084 637 3152 reperta
652 3081 706 3133 est.
743 3072 824 3133 liaeo
841 3075 955 3133 variare
971 3089 1080 3133 sermo-

72 3174 140 3216 nem
162 3167 275 3236 potest,
304 3167 335 3218 ut
358 3176 395 3217 ex
421 3174 477 3218 nno
506 3159 606 3236 plnres
633 3157 844 3236 intelligamus,
874 3166 957 3236 parte
979 3165 1080 3230 totum,

73 3241 177 3320 specie
203 3259 315 3319 genus,
345 3241 587 3320 praecedentibus
611 3243 781 3321 sequentia,
811 3241 860 3302 vel
887 3242 979 3300 omnia
1006 3239 1081 3298 haec

74 3332 192 3393 contra;
212 3325 333 3385 liberior
344 3328 440 3405 poetis
457 3343 540 3404 quam
553 3325 726 3385 oratoribus.
761 3325 833 3386 Nam
849 3342 952 3404 prosu,
971 3331 1002 3382 nt
1017 3326 1124 3382 nno-20

72 3426 197 3470 nonen
225 3425 279 3488 pro
304 3409 403 3487 gladio
431 3419 460 3469 et
481 3417 591 3472 tectum
612 3425 665 3488 pro
687 3409 772 3469 domo
793 3411 933 3488 recipiet,
962 3408 1000 3466 ita
1023 3422 1082 3466 non

73 3493 200 3574 puppim
215 3507 270 3573 pro
285 3493 351 3554 nari
365 3510 421 3553 nec
437 3495 564 3556 abietem
580 3509 635 3572 pro
653 3492 784 3562 tabellis;
806 3501 835 3552 et
851 3508 970 3569 rursus,
981 3498 1013 3550 ot
1025 3504 1080 3570 pro
