2408 3854
367 176 807 243 rnsn.onnnon.nns.x1,1.
1022 164 1080 228 187

75 344 140 396 runt
163 333 338 412 cogitatione
363 330 611 409 complectantur,
635 330 737 390 subitis
761 349 800 392 ex
820 340 954 410 tempore
978 349 1081 393 occur·

75 428 149 480 rant.
181 416 265 492 Quod
281 417 391 478 iecisse
407 414 445 474 ll.
469 412 593 474 Tullium
611 415 825 475 commentariis
840 416 930 493 ipsius
946 425 1080 495 apparet.

53 540 55 544 ,
76 503 135 563 Sed
151 502 280 561 feruntur
296 501 417 560 aliorum
433 515 551 577 quoquc
568 507 597 557 et
611 499 720 558 inventi
735 498 825 574 forte,
841 507 870 559 ut
886 516 940 558 eos
955 499 1082 560 dicturus

74 587 199 666 quisque
216 590 438 661 composuerat,
457 583 529 641 etin
545 581 637 642 libros
655 581 776 659 digesti,
792 591 823 641 ut
840 601 990 643 causarum
1006 601 1081 664 quae

77 679 142 729 sunt
158 677 242 728 actae
259 685 275 727 a
293 667 358 726 Ser.
376 664 525 743 Sulpicio,
549 666 629 725 cuius
644 675 707 725 tres
724 667 873 728 orationes
890 675 1002 734 entant3
1029 668 1082 728 scd

74 753 104 814 hi
120 753 157 813 de
175 750 280 831 quibus
296 750 402 830 loquor
417 750 614 809 commentarii
636 750 676 810 ita
691 759 755 810 suut
780 751 894 826 exacti,
916 760 946 810 nt
963 749 1081 831 abipso

74 836 144 896 mihi
159 837 188 894 in
199 833 365 893 memoriam
381 832 560 912 posteritatis
574 832 727 893 videantur
739 851 806 894 esse
823 835 987 913 compositi.
1010 832 1082 895 Nam
1089 839 1121 894 31

76 917 232 978 Ciceronis
254 918 290 978 ad
316 934 458 996 praesens
483 915 570 976 modo
593 924 708 996 tempus
733 926 848 996 aptatos
873 916 994 978 libertus
1012 916 1081 977 Tiro

78 1003 236 1068 contraxit;
267 1017 341 1080 quos
355 1015 413 1059 non
427 999 494 1059 ideo
513 1016 641 1076 excuso,
666 1001 731 1079 quia
746 1018 805 1060 non
819 1001 958 1081 probem,
982 1002 1035 1062 sed
1052 1009 1083 1062 ut

75 1089 133 1145 sint
148 1086 240 1162 magis
262 1083 458 1145 admirabiles.
489 1082 521 1142 lu
539 1082 596 1143 hoc
612 1101 724 1161 genere
739 1102 860 1163 prorsus
876 1086 990 1164 recipio
1007 1084 1082 1146 hanc

77 1170 197 1229 brevem
214 1160 427 1229 annotationem
449 1166 646 1247 libellosque,
673 1169 722 1249 qui
742 1167 791 1228 vel
812 1187 896 1229 manu
917 1177 1080 1244 tencantur,

77 1263 107 1313 et
134 1253 170 1313 ad
199 1268 274 1331 quos
301 1253 413 1312 interum
439 1252 592 1330 respicere
618 1251 664 1312 ias
690 1252 735 1311 sit.
770 1251 846 1313 lllud
872 1251 949 1332 quod
970 1251 1124 1312 laenas3t

76 1337 221 1416 praecipit
236 1336 373 1415 displicet
387 1334 465 1410 milri,
482 1335 531 1394 rel
547 1336 574 1395 in
589 1334 634 1395 luis
650 1353 726 1415 quae
741 1337 945 1417 scripserimus
958 1354 1082 1396 summas

76 1423 105 1481 in
127 1421 361 1480 commentarium
383 1427 412 1479 et
433 1419 528 1497 capita
552 1419 698 1480 conferre.
731 1418 813 1480 Facit
835 1421 910 1480 enim
932 1418 1081 1480 ediscendi

78 1503 287 1581 negligentiam
297 1503 372 1564 haec
387 1504 452 1581 ipsa
468 1502 571 1564 fiducia
586 1513 616 1564 et
640 1503 750 1564 lacerat
765 1523 801 1564 an
816 1504 959 1565 deformat
975 1505 1080 1564 oratio·

77 1606 153 1648 nem.
180 1585 245 1664 Ego
259 1596 354 1648 autem
365 1604 402 1646 ne
415 1586 599 1647 scribendum
612 1586 728 1666 quidem
737 1597 819 1668 puto,
836 1588 914 1667 quod
925 1606 982 1648 non
994 1589 1081 1648 simus

76 1672 216 1731 memoria
229 1671 422 1750 persecuturi.
450 1668 523 1731 Nam
539 1670 566 1731 id
583 1688 699 1751 quoque
718 1672 834 1748 accidit,
851 1681 881 1732 ut
896 1681 1082 1733 revocetuos

78 1756 217 1832 cogitatio
232 1754 267 1815 ad
283 1755 333 1817 illa
349 1754 499 1815 elaborata
514 1772 570 1814 nec
586 1757 660 1815 sinat
676 1765 860 1834 praesentem
876 1756 1018 1817 fortunam
1030 1773 1080 1815 ex-

79 1839 178 1918 periri.
211 1840 261 1899 Sic
283 1856 392 1918 auceps
417 1839 491 1898 inter
513 1847 664 1918 utrumque
687 1840 795 1899 animus
814 1847 942 1915 aestuat,
955 1842 1032 1900 'cum
1053 1845 1123 1900 et33

76 1923 187 2002 scripta
203 1923 329 2001 perdidit
344 1931 374 1983 et
389 1937 446 1981 nou
462 1923 575 2002 quaerit
596 1939 681 1982 nora.
712 1922 773 1983 Sed
787 1921 824 1982 de
839 1924 977 1984 memoria
992 1923 1080 1984 desti·

78 2014 222 2066 natusest
244 2006 320 2067 liltro
345 2006 478 2086 proximo
494 2005 578 2066 locus
593 2024 649 2067 uec
672 2005 739 2067 huic
762 2008 836 2086 parti
853 2003 1080 2085 subiungendus,

77 2090 144 2168 quia
161 2099 224 2149 sunt
241 2090 297 2151 alia
315 2092 394 2170 prius
411 2089 496 2149 nobis
514 2089 647 2152 dicenda.

244 2460 249 2469 ·
329 2461 337 2477 ‘
432 2451 611 2517 nunnus
650 2453 718 2546 ru,

78 2578 154 2627 Libro
173 2577 306 2629 undecimo
324 2578 388 2630 haee
411 2583 583 2632 continentur:
617 2583 655 2633 lle
673 2590 732 2648 apte
755 2581 876 2639 dicendo,
904 2579 980 2642 quid,
1003 2591 1080 2640 <luam

112 2659 248 2711 personam
266 2654 290 2695 ct
303 2662 357 2698 rem
369 2646 467 2710 deceat,
486 2666 536 2714 quc
553 2650 629 2702 modo
642 2651 795 2701 medendum
806 2649 840 2698 stt
853 2648 895 2708 iis,
914 2660 979 2711 quae
990 2652 1080 2696 natura

111 2728 202 2778 parum
224 2716 343 2778 speciosa
360 2725 428 2770 sunt.
460 2719 498 2769 De
516 2719 653 2782 memoria,
679 2718 726 2769 sub
749 2732 800 2780 quo
818 2716 902 2782 capite
925 2729 967 2766 ars
983 2729 1103 2777 mertro-v
1162 2716 1169 2731 ¹

111 2783 214 2846 uiaeque
232 2784 390 2840 exercitatio.
425 2785 463 2837 De
475 2787 694 2854 pronuntiatione,
719 2786 766 2837 sub
784 2799 834 2851 quo
857 2785 940 2850 capite
959 2783 991 2836 de
1009 2784 1080 2836 vocis

111 2859 210 2912 natura,
227 2853 260 2903 de
277 2867 338 2903 cura
356 2854 482 2924 eiusdem,
502 2856 534 2907 de
551 2863 636 2923 gestu,
654 2855 687 2907 de
705 2855 783 2916 cultu,
801 2853 863 2919 quid
880 2855 971 2918 cuique
987 2867 1079 2904 musae

110 2923 257 2981 conveniat,
278 2922 340 2985 quid
356 2924 448 2987 cuique
464 2925 546 2991 parti,
570 2933 595 2976 et
606 2925 745 2995 sententiis
765 2933 789 2975 et
808 2923 894 2974 verbis
912 2923 974 2988 quid
992 2936 1079 2987 quem-

110 3005 159 3051 que
178 2991 275 3050 deceat‚
295 2992 443 3043 intuendum
460 3001 506 3044 est.

415 3132 458 3182 DE
477 3132 561 3182 ΑΡΤΕ
579 3129 732 3183 Dionnum.

139 3255 161 3315 l.
183 3238 301 3334 Parata,
319 3260 393 3329 sicut
407 3260 561 3339 superiore
577 3258 652 3319 libro
665 3259 837 3334 continetur,
853 3254 991 3318 facultate
1006 3253 1077 3314 scri·

74 3339 161 3400 bendi
184 3342 391 3424 cogitandique
413 3352 443 3404 et
465 3360 503 3403 ex
519 3353 652 3423 tempore
675 3344 776 3418 etiam,
798 3359 863 3401 cum
887 3357 937 3399 res
961 3346 1077 3418 poscet,

75 3425 187 3502 orandi,
204 3427 335 3506 proxima
348 3435 393 3487 est
409 3444 488 3506 cura,
504 3436 539 3487 ut
554 3427 716 3487 dicamus
731 3433 829 3505 apte;
848 3440 933 3504 mam
944 3423 1085 3483 virtutem
1178 3438 1181 3443 ·
