2408 3854
152 188 213 252 258
485 195 848 257 connumeremur

150 375 233 433 num,
256 357 323 435 quia
338 354 381 416 llti
396 354 461 434 ipse
477 371 535 414 non
552 352 674 427 sufficit,
691 359 739 411 aut
754 350 859 430 aliquis
876 368 966 411 exeo
983 369 1096 429 genere
1113 351 1162 414 atl-

69 448 74 461 “
151 449 332 517 vocatorum,
351 440 400 519 qui
412 455 514 499 senon
526 455 617 518 posse
630 453 721 514 agere
734 435 919 504 confitentum
937 435 1042 495 deinde
1054 435 1163 498 iaciunt

151 526 180 586 id
195 525 273 605 quod
289 525 380 584 estin
397 523 511 601 agendo
530 521 738 583 difficillimum.
769 517 841 579 Nam
857 521 905 599 qui
921 520 1070 596 iudicare,
1095 522 1163 599 quid

152 608 315 685 dicendum,
332 606 401 687 qnid
416 606 667 681 dissimulandum,
686 604 755 684 quill
771 602 972 664 declinandum
986 606 1161 681 mutandum,

153 693 318 771 lingendum
333 692 419 751 etiam
431 692 477 768 sit,
495 699 603 770 potest,
621 707 673 749 cur
684 705 742 748 non
754 688 791 748 sit
806 697 922 749 orator:
939 688 1066 767 quando,
1084 689 1162 770 quoul

124 777 298 844 odillicilius
317 784 379 851 est,
407 784 555 836 oratorem
576 769 667 835 lacitl
699 772 734 832 lli
759 790 848 851 porro
869 789 927 832 non
947 781 1054 834 tantum
1072 791 1162 834 noce·

152 870 232 938 rent,
255 862 281 920 si
293 860 388 919 omnia
402 859 582 935 scriberent,
599 860 641 918 uti
657 866 743 936 gesta
760 866 833 917 sunt.
865 856 948 918 Nunc
964 858 1117 918 consilium
1134 867 1164 918 ot

153 945 273 1006 colores
291 943 427 1006 adiiciunt
445 953 473 1005 et
492 943 589 1022 aliqua
611 943 713 1022 peiora
729 943 827 1018 veris,
852 959 927 1020 quae
944 941 1080 1021 plerique
1097 960 1164 1004 cum

152 1037 349 1107 acceperunt,
371 1036 480 1088 mutare
496 1027 580 1088 neias
597 1026 706 1087 babent
724 1035 754 1086 et
769 1026 850 1087 velot
865 1026 991 1086 themata
1006 1028 1035 1086 in
1051 1026 1163 1087 scholis

153 1114 248 1192 posita
264 1113 438 1173 custodiunt.
471 1112 586 1172 Deinde
602 1110 860 1191 deprehenduntur
874 1119 904 1171 et
919 1128 1053 1187 causam,
1077 1130 1163 1191 quam

152 1198 269 1259 discere
285 1215 324 1257 ex
335 1198 395 1256 suis
406 1195 600 1275 litigatoribus
613 1196 778 1271 noluerunt,
795 1213 833 1255 ex
848 1194 1024 1256 adversariis
1037 1195 1161 1256 discunt.

124 1281 285 1348 7Libernm
299 1282 387 1358 igitur
402 1280 502 1339 demus
518 1289 584 1340 ante
602 1281 697 1340 omnia
712 1281 764 1354 iis,
787 1297 908 1358 quorum
929 1280 1077 1356 negotium
1095 1282 1162 1356 erit,

152 1377 266 1444 tempus
282 1383 317 1425 ac
334 1364 447 1442 locum,
470 1364 715 1443 exhortemurque
732 1363 826 1439 ultro,
844 1372 874 1423 ut
892 1365 985 1423 omnia
1004 1364 1164 1441 quamlibet

151 1450 280 1510 verbose
297 1458 326 1508 et
341 1447 417 1508 unde
431 1447 534 1508 volent
547 1449 674 1527 repetita
692 1467 730 1508 ex
751 1457 884 1526 tempore
907 1458 1064 1526 exponant.
1097 1447 1163 1509 Non

153 1535 227 1592 enim
250 1542 305 1592 tam
329 1531 415 1592 obest
437 1533 537 1594 audire
557 1550 740 1612 supervacua
758 1550 842 1611 quam
862 1533 999 1610 ignorare
1021 1550 1162 1594 necessa·

125 1619 204 1682 bria.
235 1614 418 1694 Frequenter
440 1624 535 1677 autem
558 1625 588 1677 et
608 1617 712 1678 vulnus
731 1625 760 1677 et
781 1616 940 1677 remedium
955 1618 984 1676 in
1004 1617 1039 1677 iis
1062 1627 1164 1678 orator

154 1702 298 1775 inveniet,
317 1718 392 1780 quae
413 1701 553 1779 litigatori
574 1703 603 1761 in
622 1710 753 1762 neutram
769 1708 882 1780 partem
902 1700 1012 1761 babere
1033 1719 1161 1762 momen·

152 1795 211 1845 tum
228 1784 409 1845 videbantur.
440 1785 504 1846 Nec
528 1795 606 1845 tanta
628 1788 664 1846 sit
685 1794 786 1846 acturo
806 1786 964 1845 memoriae
987 1785 1110 1864 fiducia,
1132 1796 1162 1847 ut

153 1868 340 1930 subscribere
357 1871 454 1931 audita
470 1871 579 1948 pigeat.

238 1952 302 2013 Nec
317 1955 409 2014 semel
425 1954 541 2014 audisse
557 1957 593 2015 sit
609 1955 695 2022 satis;
719 1955 871 2034 cogendus
887 1955 990 2015 eadem
1007 1957 1112 2015 iterum
1128 1973 1162 2016 ac

154 2039 272 2116 saepius
287 2038 388 2098 dicere
401 2039 542 2116 litigator,
559 2055 617 2099 non
628 2039 723 2099 solunr
733 2041 801 2119 quia
813 2039 945 2118 elingere
959 2039 1056 2118 aliqua
1071 2041 1161 2117 prima

153 2124 338 2200 expositione
365 2130 539 2200 potuerunt,
574 2125 746 2203 praesertim
772 2123 917 2183 bominem
944 2123 1044 2203 (quod
1070 2142 1162 2204 saepe

154 2207 266 2284 evenit)
289 2208 467 2284 imperitum,
490 2207 545 2267 sed
567 2208 651 2267 etiam
673 2216 704 2268 ut
727 2210 868 2284 sciamus,
893 2226 928 2269 an
949 2208 1051 2269 eadem
1074 2208 1159 2270 dicat.

122 2289 269 2352 9Plurimi
294 2292 368 2350 enim
391 2293 564 2352 mentiuntur
586 2300 631 2368 et,
662 2300 796 2371 tanquam
818 2310 876 2352 non
897 2293 1022 2353 doceant
1045 2309 1162 2354 causam

153 2374 206 2433 sed
223 2383 324 2451 agant,
341 2392 399 2435 non
415 2385 446 2434 ut
463 2395 527 2436 cum
542 2384 666 2455 patrono
683 2378 736 2438 sed
751 2386 782 2437 ut
798 2395 863 2437 cum
880 2377 975 2437 indice
991 2377 1159 2456 loquuntur.

153 2456 340 2538 Quapropter
354 2455 498 2539 nunquam
514 2460 761 2522 satiscredendum
773 2470 829 2538 est,
842 2462 895 2522 sed
907 2462 1059 2539 agitandus
1072 2463 1161 2521 omni·

102 2542 205 2605 lobna
228 2543 321 2604 modis
344 2553 373 2605 et
394 2544 552 2605 turbandus
571 2554 600 2604 et
618 2545 794 2606 evocandus.
827 2544 900 2606 Nam
917 2554 948 2606 ut
963 2545 1085 2606 medicis
1104 2562 1161 2606 non

152 2629 323 2705 apparentia
347 2629 434 2689 modo
461 2630 530 2690 vitia
553 2629 678 2691 curanda
705 2638 770 2690 sunt
797 2629 850 2689 sed
875 2631 960 2690 etiam
987 2631 1161 2690 invenienda

153 2728 227 2789 quae
244 2711 353 2789 latent,
375 2729 466 2791 saepe
482 2714 554 2792 ipsis
571 2731 622 2791 ea,
643 2716 692 2795 qui
708 2715 826 2775 sanandi
841 2723 924 2791 sunt,
942 2714 1160 2777 occulentibus:

151 2796 190 2853 ita
212 2795 370 2857 advocatus
385 2797 485 2876 plura,
509 2816 593 2877 quam
608 2799 814 2874 ostenduntur,
841 2799 974 2878 aspiciat.
1005 2796 1078 2858 Nam
1097 2816 1161 2858 cunr

152 2879 222 2936 satis
245 2881 273 2939 in
296 2880 438 2941 audiendo
461 2884 618 2960 patientiae
640 2882 829 2962 impenderit:
854 2886 882 2943 in
904 2883 989 2943 aliam
1009 2900 1111 2943 rursus
1135 2883 1161 2942 ei

153 2979 309 3040 personam
324 2967 529 3027 transeundum
544 2975 604 3044 est,
626 2968 815 3047 agendusque
830 2967 1030 3044 adversarius,
1050 2984 1160 3046 propo·

152 3045 276 3106 nendum
293 3049 430 3127 quidquid
447 3053 561 3112 omnino
584 3052 747 3129 excogitari
766 3061 867 3113 contra
881 3060 994 3131 potest,
1021 3051 1161 3130 quidquid

153 3131 259 3209 recipit
275 3132 304 3190 in
316 3133 457 3194 eiusmodi
472 3135 687 3214 disceptatione
699 3143 808 3196 natura.
835 3135 1064 3213 Interrogandus
1076 3153 1161 3214 quam

113 3225 144 3278 ll
153 3214 340 3276 infestissime
356 3235 391 3278 ac
406 3219 591 3297 premendus.
622 3217 695 3278 Nam
710 3219 775 3280 dum
790 3223 884 3282 omnia
900 3221 1084 3299 quaerimus,
1109 3220 1160 3280 ali·

155 3298 270 3378 quando
286 3301 322 3361 ad
336 3321 453 3379 verum,
470 3301 519 3362 ubi
533 3303 647 3362 minime
663 3307 898 3383 expectavimus,
916 3306 1113 3384 pervenimus.

239 3382 272 3443 ln
293 3404 401 3447 summa
422 3387 546 3465 optimus
563 3397 608 3447 est
623 3388 651 3447 in
666 3388 805 3449 discendo
821 3399 960 3468 patronus
981 3387 1160 3450 incredulus.

150 3466 295 3530 Promittit
311 3473 386 3532 enim
401 3470 530 3549 litigator
548 3473 652 3550 omnia,
669 3481 775 3533 testem
791 3474 941 3553 populum,
961 3474 1163 3553 paratissimas
