2408 3854
149 201 211 264 202
499 206 864 280 u.suu.ouutu1n1un1

146 369 314 448 simplicitas
338 366 388 427 illa
410 375 439 426 et
459 363 539 424 velut
562 363 703 431 securitas
724 361 906 423 inallectatae
930 363 1068 423 orationis
1084 365 1156 426 mira

145 463 248 514 tenues
265 469 368 513 causas
384 449 487 526 decet,
508 446 665 507 maioribus
685 445 755 505 illud
777 442 944 505 admirabile
966 446 1081 507 dicendi
1103 467 1156 526 ge·

147 557 198 597 nus
222 538 314 614 magis
337 536 483 595 conuenit.
519 531 551 592 ln
572 541 696 611 utroque
720 531 825 590 eminet
840 525 965 598 cicero;
992 532 1156 610 exquibus

146 622 268 682 alterum
291 620 415 697 imperiti
438 636 471 677 se
492 633 583 695 posse
606 615 746 692 consequi
774 612 910 688 credent,
936 623 1085 692 neutrum,
1108 618 1157 696 qui

146 705 320 782 intelligunt.

489 804 493 817 ’
522 836 565 885 ou
584 811 744 886 truncam.

230 948 267 1009 11.
284 948 493 1008 Memoriam
512 947 624 1027 quidam
648 955 766 1006 naturae
789 943 876 1004 modo
893 963 961 1005 esse
978 963 1079 1005 munus
1096 949 1157 1007 exi·

62 1038 66 1042 ’
147 1035 344 1109 stimaverunt,
362 1043 466 1111 estque
480 1034 509 1092 in
525 1050 560 1092 ea
574 1049 632 1091 non
645 1029 731 1091 dubie
746 1029 907 1108 plurimum,
925 1029 978 1089 sed
989 1030 1052 1107 ipsa
1068 1049 1157 1090 exco-

147 1117 233 1178 lendo
249 1118 324 1177 sicut
339 1115 395 1176 alia
410 1117 503 1175 omnia
519 1124 656 1193 augetur3
681 1123 710 1174 et
726 1122 819 1188 totus,
845 1113 954 1191 dequo
971 1111 1093 1173 diximus
1108 1115 1158 1175 ad·

146 1201 220 1276 huo,
242 1202 333 1261 inante
356 1209 401 1259 est
421 1199 521 1275 labor,
545 1201 600 1259 nisi
622 1206 739 1258 ceterae
760 1205 859 1277 partes
881 1195 939 1257 hoc
959 1196 1041 1257 velut
1055 1200 1158 1277 spiritu

148 1288 340 1345 continentur.
376 1283 449 1342 Nam
465 1293 495 1342 et
510 1285 600 1342 omnis
617 1281 768 1360 disciplina
783 1283 921 1340 memoria
946 1289 1076 1358 constat,
1098 1281 1157 1341 lru·

148 1378 266 1447 straque
282 1368 439 1443 docemur,
460 1369 484 1425 si
501 1365 637 1446 quidquid
654 1364 781 1425 audimus
795 1364 997 1444 praeterduat;
1014 1373 1044 1425 et
1059 1383 1158 1426 exam·

148 1452 273 1530 plorum,
290 1451 398 1527 legum,
421 1467 639 1528 responsorum,
657 1449 798 1509 dictorum
816 1448 940 1527 denique
956 1448 1158 1529 laetorumque

148 1535 229 1594 velut
245 1533 388 1612 ¹quasdam
410 1535 526 1611 copias,
549 1533 652 1612 quibus
668 1531 813 1592 abundare
833 1549 963 1612 quasque
979 1535 1007 1590 in
1023 1543 1158 1612 promptu

148 1635 265 1696 semper
278 1615 389 1677 habere
403 1617 492 1677 dehet
511 1626 626 1693 orator,
649 1616 750 1676 eadem
765 1615 814 1676 illa
829 1618 874 1675 vis
891 1625 1069 1694 praesentat.
1100 1614 1158 1676 Ne·

119 1707 205 1779 tque
229 1702 369 1760 immerito
394 1701 557 1763 thesaurus
578 1700 625 1761 hic
646 1702 835 1779 eloquentiae
862 1699 976 1760 dicitur.
993 1725 997 1732 ·
1015 1699 1075 1760 Sed
1100 1717 1159 1760 non

58 1783 61 1789 ’
148 1786 228 1844 lirme
254 1793 362 1843 tuntum
391 1787 541 1846 continere
567 1802 666 1844 verum
693 1785 778 1843 etiam
807 1784 864 1842 cito
890 1783 1047 1861 percipere
1069 1783 1158 1844 multa

148 1877 266 1928 acturos
293 1876 425 1945 oportet,
452 1887 508 1928 nec
530 1886 604 1946 quae
629 1868 783 1946 scripseris
803 1866 889 1926 modo
911 1867 1014 1927 iterata
1030 1866 1158 1927 lectione

148 1951 304 2031 complecti
326 1952 379 2012 sed
404 1953 431 2011 in
455 1953 588 2028 cogitatis
614 1968 730 2030 quoque
751 1968 847 2010 rerum
868 1968 903 2010 ac
918 1948 1074 2010 verborum
1089 1968 1157 2010 con·

148 2045 258 2096 tentum
272 2036 366 2114 sequi,
386 2044 416 2095 et
434 2053 508 2113 quae
525 2037 581 2094 sint
599 2035 634 2094 ab
650 2035 773 2094 adversa
790 2043 874 2112 parte
891 2033 967 2093 dictu
981 2035 1157 2109 meminisse,

148 2138 204 2179 nec
218 2120 317 2196 utique
334 2135 379 2193 ea,
397 2136 455 2198 quo
472 2118 628 2178 dictasunt
644 2118 756 2193 ordine,
772 2118 901 2177 refutare
917 2117 970 2179 sed
986 2119 1158 2196 opportunis

120 2202 223 2262 3locis
240 2218 362 2280 ponere.
400 2197 496 2274 Quid?
513 2201 720 2280 extemporalis
736 2203 829 2261 oratio
846 2218 900 2261 nec
920 2200 978 2261 alio
995 2201 1062 2260 milri
1077 2200 1158 2260 vide·

149 2295 195 2345 tur
215 2286 318 2343 mentis
333 2285 444 2361 «vigore
468 2294 614 2344 constare.
654 2285 727 2344 Num
749 2285 813 2344 dum
836 2283 892 2344 alia
918 2285 1054 2360 dicimus,
1082 2303 1159 2365 quae

149 2368 251 2427 dicturi
266 2384 374 2442 sumus,
390 2367 524 2428 intuenda
539 2376 614 2427 sunt.
642 2367 695 2444 lta,
714 2386 778 2429 cum
794 2365 1065 2447 semper'cogitatio
1082 2369 1160 2429 ultra

149 2452 177 2512 id
194 2451 271 2529 quod
287 2460 333 2510 est
355 2450 470 2529 lougius
491 2454 618 2530 quaerit,
645 2452 781 2530 quidquid
803 2453 916 2511 iuterim
937 2454 1068 2530 repperit
1086 2469 1159 2531 quo·

149 2534 301 2595 dammodo
327 2535 403 2613 apud
430 2538 597 2596 memoriam
620 2536 751 2615 deponit3
778 2535 855 2613 quod
880 2536 929 2596 illa
957 2536 1039 2614 quasi
1064 2536 1158 2597 media

150 2618 291 2696 quaedam
315 2637 415 2680 manus
442 2629 594 2698 acceptum
623 2620 659 2681 ab
685 2621 843 2680 intentione
871 2620 956 2680 tradit
988 2619 1158 2678 elocutioni.

120 2699 214 2761 ttton
229 2701 353 2762 arbitror
370 2711 465 2762 autem
480 2704 547 2762 mihi
562 2705 590 2762 in
604 2703 662 2764 hoc
677 2704 898 2778 immorandum,
921 2703 990 2782 quid
1005 2703 1057 2777 sit,
1079 2702 1159 2780 quod

149 2786 315 2844 memoriam
324 2785 426 2855 laciat;
439 2804 601 2865 quanquam
612 2787 746 2865 plerique
756 2787 877 2864 imprimi
885 2785 1025 2864 quaedam
1034 2786 1160 2862 vestigia

149 2869 260 2942 animo,
284 2869 364 2928 velut
380 2871 408 2927 in
424 2871 500 2928 ceris
515 2870 665 2930 anulorum
683 2871 766 2948 signa
790 2879 959 2945 serventur,
982 2869 1157 2930 existimant.

149 2951 252 3029 Neque
267 2968 318 3011 ero
334 2961 390 3011 tam
408 2952 560 3030 credulus,
577 2963 618 3029 ut,
635 2971 721 3034 quum
737 2952 861 3014 arbitrer
878 2954 1035 3014 tardiorem
1051 2951 1158 3012 firmio·

119 3033 267 3112 5remque
281 3036 447 3095 memorium
469 3036 548 3113 lieri,
573 3047 602 3097 et
622 3045 720 3115 putem
741 3046 833 3097 artem
848 3039 968 3116 proprie
983 3036 1018 3096 ad
1036 3037 1160 3096 animum

85 3125 89 3134 '
150 3120 307 3198 pertinere.
341 3116 433 3196 lllaqis
455 3120 588 3180 admirari
610 3130 740 3181 maturam
758 3120 850 3196 subit,
866 3139 916 3180 res
932 3127 1063 3180 vetustas
1078 3128 1159 3179 tanto

150 3221 188 3262 ex
204 3201 359 3262 intervallo
374 3205 514 3281 repetitas
529 3203 654 3266 reddere
676 3223 709 3264 se
726 3213 755 3264 et
770 3205 894 3273 oli'erre;
917 3221 972 3263 neo
986 3211 1095 3262 tantum
1112 3220 1158 3262 re-

30 3346 34 3351 .
150 3284 328 3364 quirentibus
349 3286 401 3345 sed
426 3289 511 3348 etiam
533 3296 638 3366 sponte
661 3291 791 3364 interim,
818 3306 874 3348 nec
897 3285 1084 3365 uigilantibus
1105 3286 1159 3347 sed

121 3371 237 3432 tetiam
264 3370 362 3450 quiete
383 3371 562 3449 compositis.
593 3369 644 3431 tto
658 3375 766 3450 magis,
789 3371 866 3452 quod
888 3371 938 3432 illa
959 3387 1078 3452 quoque
1099 3369 1158 3429 anl-

151 3452 251 3529 maiia,
272 3470 347 3530 quac
364 3471 466 3515 carere
482 3454 635 3515 intellectu
649 3455 798 3531 ridentur,
814 3457 1005 3516 meminerunt
1020 3465 1050 3516 et
1067 3469 1159 3529 agno·

154 3612 234 3626 -ι-
