<?xml version="1.0" encoding="UTF-8"?>
<!DOCTYPE html PUBLIC "-//W3C//DTD XHTML 1.0 Transitional//EN"
    "http://www.w3.org/TR/xhtml1/DTD/xhtml1-transitional.dtd">
<html xmlns="http://www.w3.org/1999/xhtml" xml:lang="en" lang="en">
 <head>
  <title>
</title>
<meta http-equiv="Content-Type" content="text/html;charset=utf-8" />
  <meta name='ocr-system' content='tesseract 3.04.00' />
  <meta name='ocr-capabilities' content='ocr_page ocr_carea ocr_par ocr_line ocrx_word'/>
</head>
<body>
  <div class='ocr_page' id='page_1' title='image "./mfabiiquintilia08quingoog_0061.png"; bbox 0 0 2408 3854; ppageno 0'>
   <div class='ocr_carea' id='block_1_1' title="bbox 146 212 829 284">
    <p class='ocr_par' dir='ltr' id='par_1_1' title="bbox 146 212 829 284">
     <span class='ocr_line' id='line_1_1' title="bbox 146 212 829 284; baseline -0.006 -9"><span class='ocrx_word' id='word_1_1' title='bbox 146 212 187 276; x_wconf 75' lang='grc'><strong>36</strong></span> <span class='ocrx_word' id='word_1_2' title='bbox 467 224 829 284; x_wconf 70' lang='lat' dir='ltr'><strong>mnamoumnrnmur</strong></span> 
     </span>
    </p>
   </div>
   <div class='ocr_carea' id='block_1_2' title="bbox 106 380 1175 3320">
    <p class='ocr_par' dir='ltr' id='par_1_2' title="bbox 117 380 1152 1804">
     <span class='ocr_line' id='line_1_2' title="bbox 146 380 1151 464; baseline 0.003 -22"><span class='ocrx_word' id='word_1_3' title='bbox 146 383 296 464; x_wconf 80' lang='lat' dir='ltr'><strong>quaestio,</strong></span> <span class='ocrx_word' id='word_1_4' title='bbox 316 399 400 460; x_wconf 90' lang='lat' dir='ltr'><strong>quam</strong></span> <span class='ocrx_word' id='word_1_5' title='bbox 416 381 572 458; x_wconf 91' lang='lat' dir='ltr'><strong>temporis,</strong></span> <span class='ocrx_word' id='word_1_6' title='bbox 592 390 655 439; x_wconf 92' lang='lat' dir='ltr'><strong>utra</strong></span> <span class='ocrx_word' id='word_1_7' title='bbox 671 382 752 458; x_wconf 93' lang='lat' dir='ltr'><strong>prior</strong></span> <span class='ocrx_word' id='word_1_8' title='bbox 766 380 817 448; x_wconf 87' lang='lat' dir='ltr'><strong>sit;</strong></span> <span class='ocrx_word' id='word_1_9' title='bbox 838 389 887 440; x_wconf 86' lang='lat' dir='ltr'><strong>aut</strong></span> <span class='ocrx_word' id='word_1_10' title='bbox 901 380 1063 461; x_wconf 75' lang='lat' dir='ltr'><strong>qualitatis,</strong></span> <span class='ocrx_word' id='word_1_11' title='bbox 1088 393 1151 446; x_wconf 82' lang='lat' dir='ltr'><strong>utra</strong></span> 
     </span>
     <span class='ocr_line' id='line_1_3' title="bbox 146 463 1152 544; baseline 0.002 -18"><span class='ocrx_word' id='word_1_12' title='bbox 146 467 249 527; x_wconf 88' lang='lat' dir='ltr'><strong>iustior</strong></span> <span class='ocrx_word' id='word_1_13' title='bbox 270 467 308 525; x_wconf 93' lang='lat' dir='ltr'><strong>sit</strong></span> <span class='ocrx_word' id='word_1_14' title='bbox 335 466 448 544; x_wconf 89' lang='lat' dir='ltr'><strong>petitio.</strong></span> <span class='ocrx_word' id='word_1_15' title='bbox 492 463 635 524; x_wconf 79' lang='lat' dir='ltr'><strong>Diversae</strong></span> <span class='ocrx_word' id='word_1_16' title='bbox 663 481 779 544; x_wconf 91' lang='lat' dir='ltr'><strong>quoque</strong></span> <span class='ocrx_word' id='word_1_17' title='bbox 807 464 891 542; x_wconf 77' lang='lat' dir='ltr'><strong>leges</strong></span> <span class='ocrx_word' id='word_1_18' title='bbox 920 465 1081 544; x_wconf 80' lang='lat' dir='ltr'><strong>oonlligunt</strong></span> <span class='ocrx_word' id='word_1_19' title='bbox 1104 478 1152 529; x_wconf 84' lang='lat' dir='ltr'><strong>aut</strong></span> 
     </span>
     <span class='ocr_line' id='line_1_4' title="bbox 120 546 1151 628; baseline -0.003 -14"><span class='ocrx_word' id='word_1_20' title='bbox 120 551 264 615; x_wconf 78' lang='lat' dir='ltr'><strong>lsimiles.</strong></span> <span class='ocrx_word' id='word_1_21' title='bbox 308 548 466 624; x_wconf 78' lang='lat' dir='ltr'><strong>Diversae,</strong></span> <span class='ocrx_word' id='word_1_22' title='bbox 488 546 591 627; x_wconf 90' lang='lat' dir='ltr'><strong>quibus</strong></span> <span class='ocrx_word' id='word_1_23' title='bbox 608 550 693 607; x_wconf 89' lang='lat' dir='ltr'><strong>etiam</strong></span> <span class='ocrx_word' id='word_1_24' title='bbox 710 549 781 608; x_wconf 90' lang='lat' dir='ltr'><strong>citra</strong></span> <span class='ocrx_word' id='word_1_25' title='bbox 801 548 953 609; x_wconf 85' lang='lat' dir='ltr'><strong>adversam</strong></span> <span class='ocrx_word' id='word_1_26' title='bbox 968 548 1066 628; x_wconf 78' lang='lat' dir='ltr'><strong>legem</strong></span> <span class='ocrx_word' id='word_1_27' title='bbox 1082 569 1151 611; x_wconf 93' lang='lat' dir='ltr'><strong>con·</strong></span> 
     </span>
     <span class='ocr_line' id='line_1_5' title="bbox 145 630 1150 714; baseline 0.003 -19"><span class='ocrx_word' id='word_1_28' title='bbox 145 636 248 696; x_wconf 82' lang='lat' dir='ltr'><strong>tratlici</strong></span> <span class='ocrx_word' id='word_1_29' title='bbox 263 635 372 713; x_wconf 89' lang='lat' dir='ltr'><strong>possit,</strong></span> <span class='ocrx_word' id='word_1_30' title='bbox 396 641 427 692; x_wconf 94' lang='lat' dir='ltr'><strong>ut</strong></span> <span class='ocrx_word' id='word_1_31' title='bbox 448 635 476 692; x_wconf 88' lang='lat' dir='ltr'><strong>in</strong></span> <span class='ocrx_word' id='word_1_32' title='bbox 492 632 547 714; x_wconf 84' lang='lat' dir='ltr'><strong>hac</strong></span> <span class='ocrx_word' id='word_1_33' title='bbox 565 633 779 692; x_wconf 88' lang='lat' dir='ltr'><strong>controversia:</strong></span> <span class='ocrx_word' id='word_1_34' title='bbox 798 630 1001 711; x_wconf 77' lang='lat' dir='ltr'><strong>liopietratme</strong></span> <span class='ocrx_word' id='word_1_35' title='bbox 1016 635 1058 696; x_wconf 86' lang='lat' dir='ltr'><strong>ab</strong></span> <span class='ocrx_word' id='word_1_36' title='bbox 1072 654 1150 698; x_wconf 81' lang='lat' dir='ltr'><strong>erce</strong></span> 
     </span>
     <span class='ocr_line' id='line_1_6' title="bbox 144 714 1152 799; baseline -0.001 -17"><span class='ocrx_word' id='word_1_37' title='bbox 144 740 184 782; x_wconf 86' lang='lat' dir='ltr'><strong>me</strong></span> <span class='ocrx_word' id='word_1_38' title='bbox 201 719 361 786; x_wconf 61' lang='lat' dir='ltr'><strong>discedam·</strong></span> <span class='ocrx_word' id='word_1_39' title='bbox 383 717 431 777; x_wconf 89' lang='lat' dir='ltr'><strong>vel</strong></span> <span class='ocrx_word' id='word_1_40' title='bbox 447 715 502 776; x_wconf 88' lang='lat' dir='ltr'><strong>alia</strong></span> <span class='ocrx_word' id='word_1_41' title='bbox 521 715 599 776; x_wconf 94' lang='lat' dir='ltr'><strong>nulla</strong></span> <span class='ocrx_word' id='word_1_42' title='bbox 615 714 748 776; x_wconf 90' lang='lat' dir='ltr'><strong>obstante</strong></span> <span class='ocrx_word' id='word_1_43' title='bbox 766 718 866 794; x_wconf 88' lang='lat' dir='ltr'><strong>quaeri</strong></span> <span class='ocrx_word' id='word_1_44' title='bbox 883 725 997 796; x_wconf 86' lang='lat' dir='ltr'><strong>potest,</strong></span> <span class='ocrx_word' id='word_1_45' title='bbox 1018 716 1074 780; x_wconf 81' lang='lat' dir='ltr'><strong>Vir</strong></span> <span class='ocrx_word' id='word_1_46' title='bbox 1086 720 1152 799; x_wconf 80' lang='lat' dir='ltr'><strong>for-</strong></span> 
     </span>
     <span class='ocr_line' id='line_1_7' title="bbox 145 799 1150 882; baseline 0 -18"><span class='ocrx_word' id='word_1_47' title='bbox 145 805 183 864; x_wconf 78' lang='lat' dir='ltr'><strong>tia</strong></span> <span class='ocrx_word' id='word_1_48' title='bbox 209 822 268 878; x_wconf 81' lang='lat' dir='ltr'><strong>cm,</strong></span> <span class='ocrx_word' id='word_1_49' title='bbox 293 803 445 879; x_wconf 81' lang='lat' dir='ltr'><strong>quidquid</strong></span> <span class='ocrx_word' id='word_1_50' title='bbox 464 802 595 880; x_wconf 81' lang='lat' dir='ltr'><strong>optarit,</strong></span> <span class='ocrx_word' id='word_1_51' title='bbox 617 803 762 881; x_wconf 85' lang='lat' dir='ltr'><strong>occipere</strong></span> <span class='ocrx_word' id='word_1_52' title='bbox 785 802 904 863; x_wconf 83' lang='lat' dir='ltr'><strong>debeat.</strong></span> <span class='ocrx_word' id='word_1_53' title='bbox 948 799 985 860; x_wconf 81' lang='lat' dir='ltr'><strong>lit</strong></span> <span class='ocrx_word' id='word_1_54' title='bbox 1011 803 1041 862; x_wconf 93' lang='lat' dir='ltr'><strong>in</strong></span> <span class='ocrx_word' id='word_1_55' title='bbox 1060 805 1150 882; x_wconf 73' lang='lat' dir='ltr'><strong>magi</strong></span> 
     </span>
     <span class='ocr_line' id='line_1_8' title="bbox 146 884 1149 963; baseline 0.002 -17"><span class='ocrx_word' id='word_1_56' title='bbox 146 895 236 946; x_wconf 92' lang='lat' dir='ltr'><strong>stratu</strong></span> <span class='ocrx_word' id='word_1_57' title='bbox 252 885 341 945; x_wconf 89' lang='lat' dir='ltr'><strong>multa</strong></span> <span class='ocrx_word' id='word_1_58' title='bbox 358 886 504 960; x_wconf 89' lang='lat' dir='ltr'><strong>dicentur,</strong></span> <span class='ocrx_word' id='word_1_59' title='bbox 524 884 627 963; x_wconf 93' lang='lat' dir='ltr'><strong>quibus</strong></span> <span class='ocrx_word' id='word_1_60' title='bbox 642 886 780 962; x_wconf 89' lang='lat' dir='ltr'><strong>scriptum</strong></span> <span class='ocrx_word' id='word_1_61' title='bbox 795 894 993 963; x_wconf 64' lang='lat' dir='ltr'><strong>expugnatum</strong></span> <span class='ocrx_word' id='word_1_62' title='bbox 1012 889 1038 946; x_wconf 85' lang='lat' dir='ltr'><strong>si</strong></span> <span class='ocrx_word' id='word_1_63' title='bbox 1052 889 1149 948; x_wconf 85' lang='lat' dir='ltr'><strong>inocu-</strong></span> 
     </span>
     <span class='ocr_line' id='line_1_9' title="bbox 118 969 1150 1047; baseline 0.002 -16"><span class='ocrx_word' id='word_1_64' title='bbox 118 971 221 1032; x_wconf 83' lang='lat' dir='ltr'><strong>bdium</strong></span> <span class='ocrx_word' id='word_1_65' title='bbox 238 972 267 1029; x_wconf 93' lang='lat' dir='ltr'><strong>in</strong></span> <span class='ocrx_word' id='word_1_66' title='bbox 286 987 354 1029; x_wconf 85' lang='lat' dir='ltr'><strong>arce</strong></span> <span class='ocrx_word' id='word_1_67' title='bbox 372 970 474 1045; x_wconf 88' lang='lat' dir='ltr'><strong>luerit,</strong></span> <span class='ocrx_word' id='word_1_68' title='bbox 492 970 555 1028; x_wconf 93' lang='lat' dir='ltr'><strong>siin</strong></span> <span class='ocrx_word' id='word_1_69' title='bbox 571 969 671 1028; x_wconf 90' lang='lat' dir='ltr'><strong>bostes</strong></span> <span class='ocrx_word' id='word_1_70' title='bbox 687 969 906 1029; x_wconf 88' lang='lat' dir='ltr'><strong>decurrendum.</strong></span> <span class='ocrx_word' id='word_1_71' title='bbox 932 970 1064 1047; x_wconf 87' lang='lat' dir='ltr'><strong>Similes,</strong></span> <span class='ocrx_word' id='word_1_72' title='bbox 1083 989 1150 1033; x_wconf 91' lang='lat' dir='ltr'><strong>con·</strong></span> 
     </span>
     <span class='ocr_line' id='line_1_10' title="bbox 145 1052 1151 1134; baseline 0.005 -20"><span class='ocrx_word' id='word_1_73' title='bbox 145 1063 189 1116; x_wconf 89' lang='lat' dir='ltr'><strong>tra</strong></span> <span class='ocrx_word' id='word_1_74' title='bbox 213 1072 284 1134; x_wconf 85' lang='lat' dir='ltr'><strong>quas</strong></span> <span class='ocrx_word' id='word_1_75' title='bbox 309 1054 377 1114; x_wconf 89' lang='lat' dir='ltr'><strong>nihil</strong></span> <span class='ocrx_word' id='word_1_76' title='bbox 395 1053 503 1133; x_wconf 94' lang='lat' dir='ltr'><strong>opponi</strong></span> <span class='ocrx_word' id='word_1_77' title='bbox 520 1061 619 1131; x_wconf 88' lang='lat' dir='ltr'><strong>potest</strong></span> <span class='ocrx_word' id='word_1_78' title='bbox 638 1054 692 1113; x_wconf 90' lang='lat' dir='ltr'><strong>nisi</strong></span> <span class='ocrx_word' id='word_1_79' title='bbox 718 1052 768 1112; x_wconf 88' lang='lat' dir='ltr'><strong>lex</strong></span> <span class='ocrx_word' id='word_1_80' title='bbox 788 1053 894 1113; x_wconf 90' lang='lat' dir='ltr'><strong>altera:</strong></span> <span class='ocrx_word' id='word_1_81' title='bbox 921 1052 1151 1134; x_wconf 62' lang='lat' dir='ltr'><strong>bysanteorum</strong></span> 
     </span>
     <span class='ocr_line' id='line_1_11' title="bbox 144 1135 1151 1219; baseline 0.003 -20"><span class='ocrx_word' id='word_1_82' title='bbox 144 1140 245 1219; x_wconf 77' lang='lat' dir='ltr'><strong>imoqo</strong></span> <span class='ocrx_word' id='word_1_83' title='bbox 273 1139 305 1199; x_wconf 83' lang='lat' dir='ltr'><strong>in</strong></span> <span class='ocrx_word' id='word_1_84' title='bbox 328 1139 486 1219; x_wconf 70' lang='lat' dir='ltr'><strong>ppmoario</strong></span> <span class='ocrx_word' id='word_1_85' title='bbox 508 1144 663 1216; x_wconf 74' lang='lat' dir='ltr'><strong>punctim,-</strong></span> <span class='ocrx_word' id='word_1_86' title='bbox 696 1144 813 1214; x_wconf 90' lang='lat' dir='ltr'><strong>contra,</strong></span> <span class='ocrx_word' id='word_1_87' title='bbox 839 1135 978 1199; x_wconf 76' lang='lat' dir='ltr'><strong>Mulieris</strong></span> <span class='ocrx_word' id='word_1_88' title='bbox 996 1140 1151 1219; x_wconf 77' lang='lat' dir='ltr'><strong>imopoirs</strong></span> 
     </span>
     <span class='ocr_line' id='line_1_12' title="bbox 143 1219 1149 1303; baseline 0.001 -19"><span class='ocrx_word' id='word_1_89' title='bbox 143 1223 300 1303; x_wconf 77' lang='lat' dir='ltr'><strong>ppmmaet&#39;o</strong></span> <span class='ocrx_word' id='word_1_90' title='bbox 315 1242 353 1284; x_wconf 82' lang='lat' dir='ltr'><strong>tte</strong></span> <span class='ocrx_word' id='word_1_91' title='bbox 364 1230 509 1301; x_wconf 84' lang='lat' dir='ltr'><strong>portatur.</strong></span> <span class='ocrx_word' id='word_1_92' title='bbox 542 1219 653 1282; x_wconf 79' lang='lat' dir='ltr'><strong>Mulier</strong></span> <span class='ocrx_word' id='word_1_93' title='bbox 669 1227 831 1300; x_wconf 76' lang='lat' dir='ltr'><strong>tyrannum</strong></span> <span class='ocrx_word' id='word_1_94' title='bbox 846 1222 967 1287; x_wconf 85' lang='lat' dir='ltr'><strong>occidit.</strong></span> <span class='ocrx_word' id='word_1_95' title='bbox 1012 1221 1088 1283; x_wconf 88' lang='lat' dir='ltr'><strong>Nam</strong></span> <span class='ocrx_word' id='word_1_96' title='bbox 1102 1242 1149 1286; x_wconf 86' lang='lat' dir='ltr'><strong>ne·</strong></span> 
     </span>
     <span class='ocr_line' id='line_1_13' title="bbox 147 1305 1150 1386; baseline 0.002 -20"><span class='ocrx_word' id='word_1_97' title='bbox 147 1325 203 1386; x_wconf 94' lang='lat' dir='ltr'><strong>que</strong></span> <span class='ocrx_word' id='word_1_98' title='bbox 226 1306 354 1366; x_wconf 90' lang='lat' dir='ltr'><strong>mulieris</strong></span> <span class='ocrx_word' id='word_1_99' title='bbox 370 1307 465 1383; x_wconf 83' lang='lat' dir='ltr'><strong>imago</strong></span> <span class='ocrx_word' id='word_1_100' title='bbox 481 1305 541 1364; x_wconf 95' lang='lat' dir='ltr'><strong>ullo</strong></span> <span class='ocrx_word' id='word_1_101' title='bbox 558 1305 615 1366; x_wconf 92' lang='lat' dir='ltr'><strong>alio</strong></span> <span class='ocrx_word' id='word_1_102' title='bbox 631 1323 700 1364; x_wconf 89' lang='lat' dir='ltr'><strong>casu</strong></span> <span class='ocrx_word' id='word_1_103' title='bbox 722 1307 790 1383; x_wconf 94' lang='lat' dir='ltr'><strong>poni</strong></span> <span class='ocrx_word' id='word_1_104' title='bbox 808 1314 906 1383; x_wconf 87' lang='lat' dir='ltr'><strong>potest</strong></span> <span class='ocrx_word' id='word_1_105' title='bbox 926 1324 981 1366; x_wconf 92' lang='lat' dir='ltr'><strong>nec</strong></span> <span class='ocrx_word' id='word_1_106' title='bbox 997 1309 1150 1383; x_wconf 74' lang='lat' dir='ltr'><strong>tyrannici·</strong></span> 
     </span>
     <span class='ocr_line' id='line_1_14' title="bbox 117 1388 1151 1468; baseline 0.002 -16"><span class='ocrx_word' id='word_1_107' title='bbox 117 1391 201 1453; x_wconf 80' lang='lat' dir='ltr'><strong>odae</strong></span> <span class='ocrx_word' id='word_1_108' title='bbox 226 1390 286 1450; x_wconf 96' lang='lat' dir='ltr'><strong>ullo</strong></span> <span class='ocrx_word' id='word_1_109' title='bbox 314 1390 370 1450; x_wconf 92' lang='lat' dir='ltr'><strong>alio</strong></span> <span class='ocrx_word' id='word_1_110' title='bbox 399 1408 468 1449; x_wconf 91' lang='lat' dir='ltr'><strong>casu</strong></span> <span class='ocrx_word' id='word_1_111' title='bbox 491 1391 674 1448; x_wconf 88' lang='lat' dir='ltr'><strong>summoveri.</strong></span> <span class='ocrx_word' id='word_1_112' title='bbox 719 1388 847 1468; x_wconf 90' lang='lat' dir='ltr'><strong>Impares</strong></span> <span class='ocrx_word' id='word_1_113' title='bbox 870 1399 950 1467; x_wconf 92' lang='lat' dir='ltr'><strong>sunt,</strong></span> <span class='ocrx_word' id='word_1_114' title='bbox 979 1409 1044 1451; x_wconf 92' lang='lat' dir='ltr'><strong>cum</strong></span> <span class='ocrx_word' id='word_1_115' title='bbox 1068 1391 1151 1454; x_wconf 89' lang='lat' dir='ltr'><strong>alteri</strong></span> 
     </span>
     <span class='ocr_line' id='line_1_15' title="bbox 145 1473 1151 1554; baseline 0.003 -20"><span class='ocrx_word' id='word_1_116' title='bbox 145 1474 234 1534; x_wconf 92' lang='lat' dir='ltr'><strong>multa</strong></span> <span class='ocrx_word' id='word_1_117' title='bbox 260 1477 369 1554; x_wconf 93' lang='lat' dir='ltr'><strong>opponi</strong></span> <span class='ocrx_word' id='word_1_118' title='bbox 385 1482 506 1553; x_wconf 90' lang='lat' dir='ltr'><strong>possunt</strong></span> <span class='ocrx_word' id='word_1_119' title='bbox 528 1473 612 1533; x_wconf 90' lang='lat' dir='ltr'><strong>alteri</strong></span> <span class='ocrx_word' id='word_1_120' title='bbox 629 1473 713 1549; x_wconf 86' lang='lat' dir='ltr'><strong>nihil,</strong></span> <span class='ocrx_word' id='word_1_121' title='bbox 735 1475 788 1532; x_wconf 92' lang='lat' dir='ltr'><strong>nisi</strong></span> <span class='ocrx_word' id='word_1_122' title='bbox 811 1473 888 1552; x_wconf 91' lang='lat' dir='ltr'><strong>quod</strong></span> <span class='ocrx_word' id='word_1_123' title='bbox 910 1475 939 1533; x_wconf 93' lang='lat' dir='ltr'><strong>in</strong></span> <span class='ocrx_word' id='word_1_124' title='bbox 959 1474 1010 1534; x_wconf 92' lang='lat' dir='ltr'><strong>lite</strong></span> <span class='ocrx_word' id='word_1_125' title='bbox 1032 1485 1096 1536; x_wconf 86' lang='lat' dir='ltr'><strong>est:</strong></span> <span class='ocrx_word' id='word_1_126' title='bbox 1122 1486 1151 1537; x_wconf 92' lang='lat' dir='ltr'><strong>ut</strong></span> 
     </span>
     <span class='ocr_line' id='line_1_16' title="bbox 146 1557 1152 1638; baseline 0.003 -20"><span class='ocrx_word' id='word_1_127' title='bbox 146 1576 209 1618; x_wconf 90' lang='lat' dir='ltr'><strong>cum</strong></span> <span class='ocrx_word' id='word_1_128' title='bbox 231 1559 280 1620; x_wconf 83' lang='lat' dir='ltr'><strong>cir</strong></span> <span class='ocrx_word' id='word_1_129' title='bbox 297 1559 388 1636; x_wconf 81' lang='lat' dir='ltr'><strong>fortis</strong></span> <span class='ocrx_word' id='word_1_130' title='bbox 409 1559 616 1636; x_wconf 81' lang='lat' dir='ltr'><strong>impunitatem</strong></span> <span class='ocrx_word' id='word_1_131' title='bbox 639 1558 807 1619; x_wconf 77' lang='lat' dir='ltr'><strong>desertoris</strong></span> <span class='ocrx_word' id='word_1_132' title='bbox 824 1560 908 1638; x_wconf 85' lang='lat' dir='ltr'><strong>petit.</strong></span> <span class='ocrx_word' id='word_1_133' title='bbox 953 1557 1026 1619; x_wconf 89' lang='lat' dir='ltr'><strong>Nam</strong></span> <span class='ocrx_word' id='word_1_134' title='bbox 1050 1569 1152 1621; x_wconf 84' lang='lat' dir='ltr'><strong>contra</strong></span> 
     </span>
     <span class='ocr_line' id='line_1_17' title="bbox 145 1641 1151 1720; baseline 0.003 -18"><span class='ocrx_word' id='word_1_135' title='bbox 145 1642 243 1720; x_wconf 78' lang='lat' dir='ltr'><strong>legem</strong></span> <span class='ocrx_word' id='word_1_136' title='bbox 259 1642 311 1702; x_wconf 88' lang='lat' dir='ltr'><strong>viri</strong></span> <span class='ocrx_word' id='word_1_137' title='bbox 327 1642 426 1717; x_wconf 84' lang='lat' dir='ltr'><strong>fortis,</strong></span> <span class='ocrx_word' id='word_1_138' title='bbox 443 1651 576 1720; x_wconf 92' lang='lat' dir='ltr'><strong>utsupra</strong></span> <span class='ocrx_word' id='word_1_139' title='bbox 595 1642 724 1718; x_wconf 87' lang='lat' dir='ltr'><strong>ostendi,</strong></span> <span class='ocrx_word' id='word_1_140' title='bbox 739 1641 826 1701; x_wconf 92' lang='lat' dir='ltr'><strong>multa</strong></span> <span class='ocrx_word' id='word_1_141' title='bbox 843 1642 990 1711; x_wconf 76' lang='lat' dir='ltr'><strong>dicuntur:</strong></span> <span class='ocrx_word' id='word_1_142' title='bbox 1009 1642 1151 1705; x_wconf 83' lang='lat' dir='ltr'><strong>adversus</strong></span> 
     </span>
     <span class='ocr_line' id='line_1_18' title="bbox 146 1726 988 1804; baseline 0 -19"><span class='ocrx_word' id='word_1_143' title='bbox 146 1726 314 1787; x_wconf 83' lang='lat' dir='ltr'><strong>desertores</strong></span> <span class='ocrx_word' id='word_1_144' title='bbox 334 1727 443 1804; x_wconf 93' lang='lat' dir='ltr'><strong>scripta</strong></span> <span class='ocrx_word' id='word_1_145' title='bbox 458 1743 514 1785; x_wconf 92' lang='lat' dir='ltr'><strong>non</strong></span> <span class='ocrx_word' id='word_1_146' title='bbox 530 1735 628 1804; x_wconf 91' lang='lat' dir='ltr'><strong>potest</strong></span> <span class='ocrx_word' id='word_1_147' title='bbox 643 1727 696 1785; x_wconf 89' lang='lat' dir='ltr'><strong>nisi</strong></span> <span class='ocrx_word' id='word_1_148' title='bbox 715 1727 833 1804; x_wconf 88' lang='lat' dir='ltr'><strong>optione</strong></span> <span class='ocrx_word' id='word_1_149' title='bbox 849 1726 988 1787; x_wconf 83' lang='lat' dir='ltr'><strong>subverti.</strong></span> 
     </span>
    </p>

    <p class='ocr_par' dir='ltr' id='par_1_3' title="bbox 120 1810 1151 2142">
     <span class='ocr_line' id='line_1_19' title="bbox 120 1810 1149 1889; baseline -0.004 -14"><span class='ocrx_word' id='word_1_150' title='bbox 120 1817 137 1875; x_wconf 86' lang='lat' dir='ltr'><strong>&#39;i</strong></span> <span class='ocrx_word' id='word_1_151' title='bbox 233 1810 303 1870; x_wconf 87' lang='lat' dir='ltr'><strong>ltem</strong></span> <span class='ocrx_word' id='word_1_152' title='bbox 328 1812 494 1870; x_wconf 87' lang='lat' dir='ltr'><strong>confessum</strong></span> <span class='ocrx_word' id='word_1_153' title='bbox 514 1829 551 1868; x_wconf 88' lang='lat' dir='ltr'><strong>ex</strong></span> <span class='ocrx_word' id='word_1_154' title='bbox 570 1819 693 1889; x_wconf 89' lang='lat' dir='ltr'><strong>utraque</strong></span> <span class='ocrx_word' id='word_1_155' title='bbox 719 1820 800 1888; x_wconf 89' lang='lat' dir='ltr'><strong>parte</strong></span> <span class='ocrx_word' id='word_1_156' title='bbox 823 1811 867 1869; x_wconf 90' lang='lat' dir='ltr'><strong>ius</strong></span> <span class='ocrx_word' id='word_1_157' title='bbox 892 1820 1004 1871; x_wconf 88' lang='lat' dir='ltr'><strong>estant</strong></span> <span class='ocrx_word' id='word_1_158' title='bbox 1025 1812 1149 1873; x_wconf 86' lang='lat' dir='ltr'><strong>dubium.</strong></span> 
     </span>
     <span class='ocr_line' id='line_1_20' title="bbox 146 1893 1151 1974; baseline 0.002 -20"><span class='ocrx_word' id='word_1_159' title='bbox 146 1895 177 1954; x_wconf 90' lang='lat' dir='ltr'><strong>Si</strong></span> <span class='ocrx_word' id='word_1_160' title='bbox 194 1895 360 1954; x_wconf 83' lang='lat' dir='ltr'><strong>contessum</strong></span> <span class='ocrx_word' id='word_1_161' title='bbox 376 1904 436 1971; x_wconf 89' lang='lat' dir='ltr'><strong>est,</strong></span> <span class='ocrx_word' id='word_1_162' title='bbox 455 1894 528 1954; x_wconf 87' lang='lat' dir='ltr'><strong>baec</strong></span> <span class='ocrx_word' id='word_1_163' title='bbox 544 1894 607 1954; x_wconf 84' lang='lat' dir='ltr'><strong>iere</strong></span> <span class='ocrx_word' id='word_1_164' title='bbox 623 1902 812 1972; x_wconf 91' lang='lat' dir='ltr'><strong>quaeruntur:</strong></span> <span class='ocrx_word' id='word_1_165' title='bbox 830 1893 901 1954; x_wconf 94' lang='lat' dir='ltr'><strong>Utra</strong></span> <span class='ocrx_word' id='word_1_166' title='bbox 916 1896 966 1955; x_wconf 86' lang='lat' dir='ltr'><strong>lex</strong></span> <span class='ocrx_word' id='word_1_167' title='bbox 983 1893 1151 1974; x_wconf 74' lang='lat' dir='ltr'><strong>potentiori</strong></span> 
     </span>
     <span class='ocr_line' id='line_1_21' title="bbox 146 1975 1151 2058; baseline 0.002 -20"><span class='ocrx_word' id='word_1_168' title='bbox 146 1978 182 2038; x_wconf 93' lang='lat' dir='ltr'><strong>ad</strong></span> <span class='ocrx_word' id='word_1_169' title='bbox 198 1979 270 2038; x_wconf 87' lang='lat' dir='ltr'><strong>deos</strong></span> <span class='ocrx_word' id='word_1_170' title='bbox 293 1980 437 2057; x_wconf 89' lang='lat' dir='ltr'><strong>pertineat</strong></span> <span class='ocrx_word' id='word_1_171' title='bbox 460 1997 496 2038; x_wconf 89' lang='lat' dir='ltr'><strong>an</strong></span> <span class='ocrx_word' id='word_1_172' title='bbox 516 1978 552 2038; x_wconf 92' lang='lat' dir='ltr'><strong>ad</strong></span> <span class='ocrx_word' id='word_1_173' title='bbox 570 1975 720 2037; x_wconf 78' lang='lat' dir='ltr'><strong>homines?</strong></span> <span class='ocrx_word' id='word_1_174' title='bbox 752 1978 786 2037; x_wconf 89' lang='lat' dir='ltr'><strong>ad</strong></span> <span class='ocrx_word' id='word_1_175' title='bbox 809 1996 870 2037; x_wconf 88' lang='lat' dir='ltr'><strong>rem</strong></span> <span class='ocrx_word' id='word_1_176' title='bbox 892 1979 1037 2058; x_wconf 85' lang='lat' dir='ltr'><strong>publicam</strong></span> <span class='ocrx_word' id='word_1_177' title='bbox 1057 1998 1097 2041; x_wconf 88' lang='lat' dir='ltr'><strong>an</strong></span> <span class='ocrx_word' id='word_1_178' title='bbox 1118 1980 1151 2042; x_wconf 81' lang='lat' dir='ltr'><strong>atl</strong></span> 
     </span>
     <span class='ocr_line' id='line_1_22' title="bbox 145 2058 1151 2142; baseline 0.003 -20"><span class='ocrx_word' id='word_1_179' title='bbox 145 2060 297 2142; x_wconf 81' lang='lat' dir='ltr'><strong>privatos?</strong></span> <span class='ocrx_word' id='word_1_180' title='bbox 317 2063 354 2124; x_wconf 84' lang='lat' dir='ltr'><strong>de</strong></span> <span class='ocrx_word' id='word_1_181' title='bbox 379 2062 490 2122; x_wconf 90' lang='lat' dir='ltr'><strong>bonore</strong></span> <span class='ocrx_word' id='word_1_182' title='bbox 508 2080 542 2121; x_wconf 95' lang='lat' dir='ltr'><strong>an</strong></span> <span class='ocrx_word' id='word_1_183' title='bbox 564 2063 600 2122; x_wconf 84' lang='lat' dir='ltr'><strong>de</strong></span> <span class='ocrx_word' id='word_1_184' title='bbox 618 2058 734 2140; x_wconf 82' lang='lat' dir='ltr'><strong>poena?</strong></span> <span class='ocrx_word' id='word_1_185' title='bbox 758 2061 794 2122; x_wconf 84' lang='lat' dir='ltr'><strong>de</strong></span> <span class='ocrx_word' id='word_1_186' title='bbox 815 2065 925 2140; x_wconf 80' lang='lat' dir='ltr'><strong>magnis</strong></span> <span class='ocrx_word' id='word_1_187' title='bbox 947 2062 1036 2122; x_wconf 85' lang='lat' dir='ltr'><strong>rebus</strong></span> <span class='ocrx_word' id='word_1_188' title='bbox 1057 2081 1097 2124; x_wconf 94' lang='lat' dir='ltr'><strong>an</strong></span> <span class='ocrx_word' id='word_1_189' title='bbox 1116 2064 1151 2125; x_wconf 84' lang='lat' dir='ltr'><strong>tle</strong></span> 
     </span>
    </p>

    <p class='ocr_par' dir='ltr' id='par_1_4' title="bbox 120 2143 1175 2564">
     <span class='ocr_line' id='line_1_23' title="bbox 120 2143 1175 2225; baseline -0.002 -15"><span class='ocrx_word' id='word_1_190' title='bbox 120 2144 269 2224; x_wconf 76' lang='lat' dir='ltr'><strong>Sparvis?</strong></span> <span class='ocrx_word' id='word_1_191' title='bbox 294 2148 438 2225; x_wconf 89' lang='lat' dir='ltr'><strong>permittat</strong></span> <span class='ocrx_word' id='word_1_192' title='bbox 460 2164 495 2205; x_wconf 89' lang='lat' dir='ltr'><strong>an</strong></span> <span class='ocrx_word' id='word_1_193' title='bbox 519 2154 599 2205; x_wconf 86' lang='lat' dir='ltr'><strong>vetet</strong></span> <span class='ocrx_word' id='word_1_194' title='bbox 625 2164 659 2205; x_wconf 94' lang='lat' dir='ltr'><strong>an</strong></span> <span class='ocrx_word' id='word_1_195' title='bbox 684 2143 827 2224; x_wconf 79' lang='lat' dir='ltr'><strong>imperet?</strong></span> <span class='ocrx_word' id='word_1_196' title='bbox 863 2147 947 2207; x_wconf 89' lang='lat' dir='ltr'><strong>Solet</strong></span> <span class='ocrx_word' id='word_1_197' title='bbox 966 2150 1088 2208; x_wconf 86' lang='lat' dir='ltr'><strong>tractari</strong></span> <span class='ocrx_word' id='word_1_198' title='bbox 1113 2156 1151 2224; x_wconf 91' lang='lat' dir='ltr'><strong>et,</strong></span> <span class='ocrx_word' id='word_1_199' title='bbox 1171 2188 1175 2195; x_wconf 88' lang='lat'><em>-</em></span> 
     </span>
     <span class='ocr_line' id='line_1_24' title="bbox 144 2229 1150 2311; baseline 0.004 -21"><span class='ocrx_word' id='word_1_200' title='bbox 144 2239 209 2290; x_wconf 90' lang='lat' dir='ltr'><strong>utra</strong></span> <span class='ocrx_word' id='word_1_201' title='bbox 224 2232 262 2290; x_wconf 90' lang='lat' dir='ltr'><strong>sit</strong></span> <span class='ocrx_word' id='word_1_202' title='bbox 278 2231 436 2308; x_wconf 89' lang='lat' dir='ltr'><strong>antiquior,</strong></span> <span class='ocrx_word' id='word_1_203' title='bbox 454 2238 483 2289; x_wconf 87' lang='lat' dir='ltr'><strong>et</strong></span> <span class='ocrx_word' id='word_1_204' title='bbox 498 2229 577 2288; x_wconf 88' lang='lat' dir='ltr'><strong>velut</strong></span> <span class='ocrx_word' id='word_1_205' title='bbox 592 2230 836 2308; x_wconf 84' lang='lat' dir='ltr'><strong>potentissimum,</strong></span> <span class='ocrx_word' id='word_1_206' title='bbox 852 2239 915 2290; x_wconf 91' lang='lat' dir='ltr'><strong>utra</strong></span> <span class='ocrx_word' id='word_1_207' title='bbox 930 2232 1021 2290; x_wconf 91' lang='lat' dir='ltr'><strong>miuus</strong></span> <span class='ocrx_word' id='word_1_208' title='bbox 1034 2232 1150 2311; x_wconf 76' lang='lat' dir='ltr'><strong>perdatt</strong></span> 
     </span>
     <span class='ocr_line' id='line_1_25' title="bbox 147 2312 1151 2392; baseline 0.005 -20"><span class='ocrx_word' id='word_1_209' title='bbox 147 2322 176 2372; x_wconf 92' lang='lat' dir='ltr'><strong>ut</strong></span> <span class='ocrx_word' id='word_1_210' title='bbox 192 2315 220 2372; x_wconf 92' lang='lat' dir='ltr'><strong>in</strong></span> <span class='ocrx_word' id='word_1_211' title='bbox 236 2314 388 2373; x_wconf 88' lang='lat' dir='ltr'><strong>desertore</strong></span> <span class='ocrx_word' id='word_1_212' title='bbox 402 2323 431 2373; x_wconf 87' lang='lat' dir='ltr'><strong>et</strong></span> <span class='ocrx_word' id='word_1_213' title='bbox 443 2315 505 2372; x_wconf 93' lang='lat' dir='ltr'><strong>viro</strong></span> <span class='ocrx_word' id='word_1_214' title='bbox 521 2312 604 2389; x_wconf 87' lang='lat' dir='ltr'><strong>lorti,</strong></span> <span class='ocrx_word' id='word_1_215' title='bbox 622 2313 699 2392; x_wconf 89' lang='lat' dir='ltr'><strong>qnod</strong></span> <span class='ocrx_word' id='word_1_216' title='bbox 710 2313 761 2373; x_wconf 90' lang='lat' dir='ltr'><strong>illo</strong></span> <span class='ocrx_word' id='word_1_217' title='bbox 774 2331 830 2373; x_wconf 92' lang='lat' dir='ltr'><strong>non</strong></span> <span class='ocrx_word' id='word_1_218' title='bbox 842 2316 942 2375; x_wconf 91' lang='lat' dir='ltr'><strong>occiso</strong></span> <span class='ocrx_word' id='word_1_219' title='bbox 958 2315 1008 2374; x_wconf 82' lang='lat' dir='ltr'><strong>lex</strong></span> <span class='ocrx_word' id='word_1_220' title='bbox 1023 2324 1085 2376; x_wconf 92' lang='lat' dir='ltr'><strong>tota</strong></span> <span class='ocrx_word' id='word_1_221' title='bbox 1097 2315 1151 2377; x_wconf 92' lang='lat' dir='ltr'><strong>tol·</strong></span> 
     </span>
     <span class='ocr_line' id='line_1_26' title="bbox 146 2396 1151 2476; baseline 0.005 -20"><span class='ocrx_word' id='word_1_222' title='bbox 146 2398 235 2465; x_wconf 89' lang='lat' dir='ltr'><strong>latur;</strong></span> <span class='ocrx_word' id='word_1_223' title='bbox 257 2399 374 2474; x_wconf 91' lang='lat' dir='ltr'><strong>occiso,</strong></span> <span class='ocrx_word' id='word_1_224' title='bbox 394 2399 431 2456; x_wconf 90' lang='lat' dir='ltr'><strong>sit</strong></span> <span class='ocrx_word' id='word_1_225' title='bbox 449 2396 562 2475; x_wconf 86' lang='lat' dir='ltr'><strong>reliqua</strong></span> <span class='ocrx_word' id='word_1_226' title='bbox 577 2399 639 2456; x_wconf 90' lang='lat' dir='ltr'><strong>viro</strong></span> <span class='ocrx_word' id='word_1_227' title='bbox 656 2397 724 2456; x_wconf 84' lang='lat' dir='ltr'><strong>forti</strong></span> <span class='ocrx_word' id='word_1_228' title='bbox 740 2398 796 2458; x_wconf 92' lang='lat' dir='ltr'><strong>alia</strong></span> <span class='ocrx_word' id='word_1_229' title='bbox 815 2400 906 2476; x_wconf 90' lang='lat' dir='ltr'><strong>optio.</strong></span> <span class='ocrx_word' id='word_1_230' title='bbox 939 2398 1097 2460; x_wconf 86' lang='lat' dir='ltr'><strong>Plurimum</strong></span> <span class='ocrx_word' id='word_1_231' title='bbox 1112 2409 1151 2461; x_wconf 88' lang='lat' dir='ltr'><strong>ta·</strong></span> 
     </span>
     <span class='ocr_line' id='line_1_27' title="bbox 145 2479 1151 2564; baseline 0.005 -24"><span class='ocrx_word' id='word_1_232' title='bbox 145 2499 210 2540; x_wconf 88' lang='lat' dir='ltr'><strong>men</strong></span> <span class='ocrx_word' id='word_1_233' title='bbox 225 2491 271 2540; x_wconf 88' lang='lat' dir='ltr'><strong>est</strong></span> <span class='ocrx_word' id='word_1_234' title='bbox 286 2483 314 2540; x_wconf 94' lang='lat' dir='ltr'><strong>in</strong></span> <span class='ocrx_word' id='word_1_235' title='bbox 329 2481 402 2557; x_wconf 90' lang='lat' dir='ltr'><strong>boc,</strong></span> <span class='ocrx_word' id='word_1_236' title='bbox 419 2479 519 2541; x_wconf 89' lang='lat' dir='ltr'><strong>Utrum</strong></span> <span class='ocrx_word' id='word_1_237' title='bbox 535 2481 597 2542; x_wconf 88' lang='lat' dir='ltr'><strong>beri</strong></span> <span class='ocrx_word' id='word_1_238' title='bbox 613 2483 650 2541; x_wconf 92' lang='lat' dir='ltr'><strong>sit</strong></span> <span class='ocrx_word' id='word_1_239' title='bbox 664 2482 767 2541; x_wconf 90' lang='lat' dir='ltr'><strong>melius</strong></span> <span class='ocrx_word' id='word_1_240' title='bbox 784 2490 870 2560; x_wconf 89' lang='lat' dir='ltr'><strong>atque</strong></span> <span class='ocrx_word' id='word_1_241' title='bbox 886 2484 1022 2562; x_wconf 86' lang='lat' dir='ltr'><strong>aequius;</strong></span> <span class='ocrx_word' id='word_1_242' title='bbox 1041 2483 1080 2544; x_wconf 89' lang='lat' dir='ltr'><strong>de</strong></span> <span class='ocrx_word' id='word_1_243' title='bbox 1096 2499 1151 2564; x_wconf 92' lang='lat' dir='ltr'><strong>quo</strong></span> 
     </span>
    </p>

    <p class='ocr_par' dir='ltr' id='par_1_5' title="bbox 116 2566 1152 3066">
     <span class='ocr_line' id='line_1_28' title="bbox 116 2566 1152 2644; baseline 0.003 -20"><span class='ocrx_word' id='word_1_244' title='bbox 116 2571 132 2625; x_wconf 85' lang='lat'><strong>9</strong></span> <span class='ocrx_word' id='word_1_245' title='bbox 148 2567 217 2628; x_wconf 90' lang='lat' dir='ltr'><strong>nibil</strong></span> <span class='ocrx_word' id='word_1_246' title='bbox 231 2567 360 2644; x_wconf 85' lang='lat' dir='ltr'><strong>praecipi</strong></span> <span class='ocrx_word' id='word_1_247' title='bbox 378 2566 431 2624; x_wconf 90' lang='lat' dir='ltr'><strong>nisi</strong></span> <span class='ocrx_word' id='word_1_248' title='bbox 450 2567 601 2644; x_wconf 90' lang='lat' dir='ltr'><strong>proposita</strong></span> <span class='ocrx_word' id='word_1_249' title='bbox 618 2568 736 2626; x_wconf 90' lang='lat' dir='ltr'><strong>materia</strong></span> <span class='ocrx_word' id='word_1_250' title='bbox 753 2574 860 2644; x_wconf 89' lang='lat' dir='ltr'><strong>potest.</strong></span> <span class='ocrx_word' id='word_1_251' title='bbox 901 2567 932 2627; x_wconf 87' lang='lat' dir='ltr'><strong>Si</strong></span> <span class='ocrx_word' id='word_1_252' title='bbox 950 2566 1084 2628; x_wconf 89' lang='lat' dir='ltr'><strong>dubium:</strong></span> <span class='ocrx_word' id='word_1_253' title='bbox 1106 2576 1152 2630; x_wconf 87' lang='lat' dir='ltr'><strong>aut</strong></span> 
     </span>
     <span class='ocr_line' id='line_1_29' title="bbox 146 2649 1152 2729; baseline 0.004 -20"><span class='ocrx_word' id='word_1_254' title='bbox 146 2649 230 2709; x_wconf 86' lang='lat' dir='ltr'><strong>alteri</strong></span> <span class='ocrx_word' id='word_1_255' title='bbox 255 2657 302 2709; x_wconf 94' lang='lat' dir='ltr'><strong>aut</strong></span> <span class='ocrx_word' id='word_1_256' title='bbox 321 2651 444 2710; x_wconf 87' lang='lat' dir='ltr'><strong>invicem</strong></span> <span class='ocrx_word' id='word_1_257' title='bbox 460 2650 574 2729; x_wconf 91' lang='lat' dir='ltr'><strong>utrique</strong></span> <span class='ocrx_word' id='word_1_258' title='bbox 596 2649 633 2710; x_wconf 88' lang='lat' dir='ltr'><strong>de</strong></span> <span class='ocrx_word' id='word_1_259' title='bbox 657 2651 719 2710; x_wconf 89' lang='lat' dir='ltr'><strong>iure</strong></span> <span class='ocrx_word' id='word_1_260' title='bbox 738 2650 768 2710; x_wconf 84' lang='lat' dir='ltr'><strong>fit</strong></span> <span class='ocrx_word' id='word_1_261' title='bbox 786 2653 1002 2728; x_wconf 89' lang='lat' dir='ltr'><strong>controversia,</strong></span> <span class='ocrx_word' id='word_1_262' title='bbox 1025 2661 1057 2711; x_wconf 91' lang='lat' dir='ltr'><strong>ut</strong></span> <span class='ocrx_word' id='word_1_263' title='bbox 1075 2652 1106 2712; x_wconf 91' lang='lat' dir='ltr'><strong>in</strong></span> <span class='ocrx_word' id='word_1_264' title='bbox 1121 2669 1152 2713; x_wconf 87' lang='lat' dir='ltr'><strong>re</strong></span> 
     </span>
     <span class='ocr_line' id='line_1_30' title="bbox 145 2732 1152 2813; baseline 0.007 -21"><span class='ocrx_word' id='word_1_265' title='bbox 145 2733 211 2792; x_wconf 87' lang='lat' dir='ltr'><strong>tali:</strong></span> <span class='ocrx_word' id='word_1_266' title='bbox 228 2732 317 2796; x_wconf 84' lang='lat' dir='ltr'><strong>Petri</strong></span> <span class='ocrx_word' id='word_1_267' title='bbox 326 2735 358 2794; x_wconf 85' lang='lat' dir='ltr'><strong>in</strong></span> <span class='ocrx_word' id='word_1_268' title='bbox 368 2734 479 2813; x_wconf 67' lang='lat' dir='ltr'><strong>fib‘mm</strong></span> <span class='ocrx_word' id='word_1_269' title='bbox 492 2743 625 2812; x_wconf 82' lang='lat' dir='ltr'><strong>patrono</strong></span> <span class='ocrx_word' id='word_1_270' title='bbox 640 2735 671 2796; x_wconf 81' lang='lat' dir='ltr'><strong>ire</strong></span> <span class='ocrx_word' id='word_1_271' title='bbox 682 2735 822 2796; x_wconf 85' lang='lat' dir='ltr'><strong>libertum</strong></span> <span class='ocrx_word' id='word_1_272' title='bbox 834 2754 944 2797; x_wconf 79' lang='lat' dir='ltr'><strong>maome</strong></span> <span class='ocrx_word' id='word_1_273' title='bbox 957 2737 1083 2798; x_wconf 81' lang='lat' dir='ltr'><strong>iniectio</strong></span> <span class='ocrx_word' id='word_1_274' title='bbox 1097 2736 1152 2809; x_wconf 71' lang='lat' dir='ltr'><strong>stt·</strong></span> 
     </span>
     <span class='ocr_line' id='line_1_31' title="bbox 144 2816 1152 2899; baseline 0.006 -22"><span class='ocrx_word' id='word_1_275' title='bbox 144 2818 246 2879; x_wconf 86' lang='lat' dir='ltr'><strong>liberti</strong></span> <span class='ocrx_word' id='word_1_276' title='bbox 256 2818 400 2879; x_wconf 75' lang='lat' dir='ltr'><strong>heredem</strong></span> <span class='ocrx_word' id='word_1_277' title='bbox 413 2827 591 2896; x_wconf 79' lang='lat' dir='ltr'><strong>sequuntur.</strong></span> <span class='ocrx_word' id='word_1_278' title='bbox 627 2816 744 2880; x_wconf 83' lang='lat' dir='ltr'><strong>Liberti</strong></span> <span class='ocrx_word' id='word_1_279' title='bbox 755 2818 851 2896; x_wconf 73' lang='lat' dir='ltr'><strong>tilium</strong></span> <span class='ocrx_word' id='word_1_280' title='bbox 868 2821 994 2899; x_wconf 85' lang='lat' dir='ltr'><strong>quidam</strong></span> <span class='ocrx_word' id='word_1_281' title='bbox 1010 2820 1089 2899; x_wconf 83' lang='lat' dir='ltr'><strong>fecit</strong></span> <span class='ocrx_word' id='word_1_282' title='bbox 1101 2820 1152 2883; x_wconf 82' lang='lat' dir='ltr'><strong>ite-</strong></span> 
     </span>
     <span class='ocr_line' id='line_1_32' title="bbox 144 2902 1152 2984; baseline 0.005 -25"><span class='ocrx_word' id='word_1_283' title='bbox 144 2902 269 2963; x_wconf 88' lang='lat' dir='ltr'><strong>redem:</strong></span> <span class='ocrx_word' id='word_1_284' title='bbox 291 2903 421 2963; x_wconf 82' lang='lat' dir='ltr'><strong>invicem</strong></span> <span class='ocrx_word' id='word_1_285' title='bbox 435 2904 549 2980; x_wconf 82' lang='lat' dir='ltr'><strong>petitur·</strong></span> <span class='ocrx_word' id='word_1_286' title='bbox 563 2919 674 2963; x_wconf 79' lang='lat' dir='ltr'><strong>mamus</strong></span> <span class='ocrx_word' id='word_1_287' title='bbox 687 2904 810 2964; x_wconf 77' lang='lat' dir='ltr'><strong>iniectio</strong></span> <span class='ocrx_word' id='word_1_288' title='bbox 815 2926 829 2974; x_wconf 89' lang='lat'><em>;</em></span> <span class='ocrx_word' id='word_1_289' title='bbox 852 2913 881 2963; x_wconf 87' lang='lat' dir='ltr'><strong>et</strong></span> <span class='ocrx_word' id='word_1_290' title='bbox 896 2912 1036 2984; x_wconf 91' lang='lat' dir='ltr'><strong>patronus</strong></span> <span class='ocrx_word' id='word_1_291' title='bbox 1053 2912 1152 2984; x_wconf 74' lang='lat' dir='ltr'><strong>negat,</strong></span> 
     </span>
     <span class='ocr_line' id='line_1_33' title="bbox 145 2986 1030 3066; baseline 0.005 -22"><span class='ocrx_word' id='word_1_292' title='bbox 145 2992 189 3044; x_wconf 88' lang='lat' dir='ltr'><strong>tus</strong></span> <span class='ocrx_word' id='word_1_293' title='bbox 205 2986 295 3064; x_wconf 90' lang='lat' dir='ltr'><strong>patris</strong></span> <span class='ocrx_word' id='word_1_294' title='bbox 312 2986 355 3046; x_wconf 95' lang='lat' dir='ltr'><strong>illi</strong></span> <span class='ocrx_word' id='word_1_295' title='bbox 373 2986 480 3062; x_wconf 87' lang='lat' dir='ltr'><strong>luisse,</strong></span> <span class='ocrx_word' id='word_1_296' title='bbox 500 2987 566 3064; x_wconf 93' lang='lat' dir='ltr'><strong>quia</strong></span> <span class='ocrx_word' id='word_1_297' title='bbox 581 2987 645 3065; x_wconf 92' lang='lat' dir='ltr'><strong>ipse</strong></span> <span class='ocrx_word' id='word_1_298' title='bbox 661 2989 689 3046; x_wconf 94' lang='lat' dir='ltr'><strong>in</strong></span> <span class='ocrx_word' id='word_1_299' title='bbox 706 3005 788 3047; x_wconf 91' lang='lat' dir='ltr'><strong>manu</strong></span> <span class='ocrx_word' id='word_1_300' title='bbox 805 2990 919 3066; x_wconf 91' lang='lat' dir='ltr'><strong>patroni</strong></span> <span class='ocrx_word' id='word_1_301' title='bbox 934 2989 1030 3048; x_wconf 85' lang='lat' dir='ltr'><strong>luerit.</strong></span> 
     </span>
    </p>

    <p class='ocr_par' dir='ltr' id='par_1_6' title="bbox 106 3068 1154 3320">
     <span class='ocr_line' id='line_1_34' title="bbox 106 3068 1154 3149; baseline 0.005 -17"><span class='ocrx_word' id='word_1_302' title='bbox 106 3079 138 3133; x_wconf 84' lang='lat' dir='ltr'><strong>lo</strong></span> <span class='ocrx_word' id='word_1_303' title='bbox 227 3068 368 3149; x_wconf 85' lang='lat' dir='ltr'><strong>Duplices</strong></span> <span class='ocrx_word' id='word_1_304' title='bbox 392 3069 475 3146; x_wconf 81' lang='lat' dir='ltr'><strong>leges</strong></span> <span class='ocrx_word' id='word_1_305' title='bbox 497 3071 571 3129; x_wconf 90' lang='lat' dir='ltr'><strong>sicut</strong></span> <span class='ocrx_word' id='word_1_306' title='bbox 593 3071 667 3130; x_wconf 87' lang='lat' dir='ltr'><strong>duae</strong></span> <span class='ocrx_word' id='word_1_307' title='bbox 689 3070 878 3132; x_wconf 90' lang='lat' dir='ltr'><strong>colliduntur:</strong></span> <span class='ocrx_word' id='word_1_308' title='bbox 902 3081 933 3132; x_wconf 92' lang='lat' dir='ltr'><strong>ut</strong></span> <span class='ocrx_word' id='word_1_309' title='bbox 947 3071 1067 3135; x_wconf 80' lang='lat' dir='ltr'><strong>Notbtte</strong></span> <span class='ocrx_word' id='word_1_310' title='bbox 1084 3078 1154 3137; x_wconf 77' lang='lat' dir='ltr'><strong>artie</strong></span> 
     </span>
     <span class='ocr_line' id='line_1_35' title="bbox 144 3154 1154 3236; baseline 0.002 -21"><span class='ocrx_word' id='word_1_311' title='bbox 144 3155 307 3232; x_wconf 75' lang='lat' dir='ltr'><strong>lepitimum</strong></span> <span class='ocrx_word' id='word_1_312' title='bbox 318 3160 425 3231; x_wconf 79' lang='lat' dir='ltr'><strong>aalma,</strong></span> <span class='ocrx_word' id='word_1_313' title='bbox 438 3154 587 3231; x_wconf 79' lang='lat' dir='ltr'><strong>lepitimme</strong></span> <span class='ocrx_word' id='word_1_314' title='bbox 596 3156 653 3224; x_wconf 81' lang='lat' dir='ltr'><strong>sit;</strong></span> <span class='ocrx_word' id='word_1_315' title='bbox 668 3163 736 3233; x_wconf 80' lang='lat' dir='ltr'><strong>post</strong></span> <span class='ocrx_word' id='word_1_316' title='bbox 746 3157 926 3236; x_wconf 77' lang='lat' dir='ltr'><strong>lepitimmm,</strong></span> <span class='ocrx_word' id='word_1_317' title='bbox 939 3163 1056 3219; x_wconf 80' lang='lat' dir='ltr'><strong>tontum</strong></span> <span class='ocrx_word' id='word_1_318' title='bbox 1070 3157 1154 3221; x_wconf 79' lang='lat' dir='ltr'><strong>civit</strong></span> 
     </span>
     <span class='ocr_line' id='line_1_36' title="bbox 146 3236 1154 3320; baseline 0.007 -23"><span class='ocrx_word' id='word_1_319' title='bbox 146 3236 231 3312; x_wconf 83' lang='lat' dir='ltr'><strong>Quod</strong></span> <span class='ocrx_word' id='word_1_320' title='bbox 247 3238 283 3297; x_wconf 90' lang='lat' dir='ltr'><strong>de</strong></span> <span class='ocrx_word' id='word_1_321' title='bbox 300 3236 430 3315; x_wconf 80' lang='lat' dir='ltr'><strong>legibus,</strong></span> <span class='ocrx_word' id='word_1_322' title='bbox 457 3237 531 3297; x_wconf 88' lang='lat' dir='ltr'><strong>idem</strong></span> <span class='ocrx_word' id='word_1_323' title='bbox 548 3237 584 3299; x_wconf 90' lang='lat' dir='ltr'><strong>de</strong></span> <span class='ocrx_word' id='word_1_324' title='bbox 601 3240 861 3301; x_wconf 83' lang='lat' dir='ltr'><strong>senatusconsultis</strong></span> <span class='ocrx_word' id='word_1_325' title='bbox 883 3241 1004 3310; x_wconf 90' lang='lat' dir='ltr'><strong>dictum;</strong></span> <span class='ocrx_word' id='word_1_326' title='bbox 1033 3258 1112 3320; x_wconf 87' lang='lat' dir='ltr'><strong>quae</strong></span> <span class='ocrx_word' id='word_1_327' title='bbox 1129 3239 1154 3303; x_wconf 85' lang='lat' dir='ltr'><strong>si</strong></span> 
     </span>
    </p>
   </div>
   <div class='ocr_carea' id='block_1_3' title="bbox 146 3322 1154 3466">
    <p class='ocr_par' dir='ltr' id='par_1_7' title="bbox 146 3322 1154 3466">
     <span class='ocr_line' id='line_1_37' title="bbox 146 3322 1154 3402; baseline 0.005 -22"><span class='ocrx_word' id='word_1_328' title='bbox 146 3331 194 3381; x_wconf 91' lang='lat' dir='ltr'><strong>aut</strong></span> <span class='ocrx_word' id='word_1_329' title='bbox 209 3323 284 3381; x_wconf 91' lang='lat' dir='ltr'><strong>inter</strong></span> <span class='ocrx_word' id='word_1_330' title='bbox 299 3339 332 3382; x_wconf 86' lang='lat' dir='ltr'><strong>se</strong></span> <span class='ocrx_word' id='word_1_331' title='bbox 349 3330 477 3399; x_wconf 84' lang='lat' dir='ltr'><strong>pugnent</strong></span> <span class='ocrx_word' id='word_1_332' title='bbox 493 3331 540 3382; x_wconf 90' lang='lat' dir='ltr'><strong>aut</strong></span> <span class='ocrx_word' id='word_1_333' title='bbox 555 3322 672 3384; x_wconf 90' lang='lat' dir='ltr'><strong>obstent</strong></span> <span class='ocrx_word' id='word_1_334' title='bbox 687 3323 819 3402; x_wconf 79' lang='lat' dir='ltr'><strong>legibus,</strong></span> <span class='ocrx_word' id='word_1_335' title='bbox 841 3340 898 3385; x_wconf 93' lang='lat' dir='ltr'><strong>non</strong></span> <span class='ocrx_word' id='word_1_336' title='bbox 913 3333 1009 3385; x_wconf 91' lang='lat' dir='ltr'><strong>tamen</strong></span> <span class='ocrx_word' id='word_1_337' title='bbox 1024 3325 1106 3389; x_wconf 87' lang='lat' dir='ltr'><strong>alintl</strong></span> <span class='ocrx_word' id='word_1_338' title='bbox 1119 3325 1154 3387; x_wconf 81' lang='lat' dir='ltr'><strong>ait</strong></span> 
     </span>
     <span class='ocr_line' id='line_1_38' title="bbox 147 3404 1148 3466; baseline 0.007 -2"><span class='ocrx_word' id='word_1_339' title='bbox 147 3404 210 3464; x_wconf 91' lang='lat' dir='ltr'><strong>eius</strong></span> <span class='ocrx_word' id='word_1_340' title='bbox 228 3413 318 3466; x_wconf 88' lang='lat' dir='ltr'><strong>status</strong></span> <span class='ocrx_word' id='word_1_341' title='bbox 334 3422 448 3466; x_wconf 86' lang='lat' dir='ltr'><strong>nomen.</strong></span> <span class='ocrx_word' id='word_1_342' title='bbox 1145 3442 1148 3447; x_wconf 60' lang='lat'>&lt;</span> 
     </span>
    </p>
   </div>
   <div class='ocr_carea' id='block_1_4' title="bbox 0 0 1210 3854">
    <p class='ocr_par' dir='ltr' id='par_1_8' title="bbox 0 0 1210 3854">
     <span class='ocr_line' id='line_1_39' title="bbox 0 0 1210 3854; baseline 0 0"><span class='ocrx_word' id='word_1_343' title='bbox 0 0 1210 3854; x_wconf 95' lang='lat' dir='ltr'><strong> </strong></span> 
     </span>
    </p>
   </div>
  </div>
 </body>
</html>
