<?xml version="1.0" encoding="UTF-8"?>
<!DOCTYPE html PUBLIC "-//W3C//DTD XHTML 1.0 Transitional//EN"
    "http://www.w3.org/TR/xhtml1/DTD/xhtml1-transitional.dtd">
<html xmlns="http://www.w3.org/1999/xhtml" xml:lang="en" lang="en">
 <head>
  <title>
</title>
<meta http-equiv="Content-Type" content="text/html;charset=utf-8" />
  <meta name='ocr-system' content='tesseract 3.04.00' />
  <meta name='ocr-capabilities' content='ocr_page ocr_carea ocr_par ocr_line ocrx_word'/>
</head>
<body>
  <div class='ocr_page' id='page_1' title='image "./mfabiiquintilia08quingoog_0119.png"; bbox 0 0 2408 3854; ppageno 0'>
   <div class='ocr_carea' id='block_1_1' title="bbox 418 198 787 259">
    <p class='ocr_par' dir='ltr' id='par_1_1' title="bbox 418 198 787 259">
     <span class='ocr_line' id='line_1_1' title="bbox 418 198 787 259; baseline -0.005 -10"><span class='ocrx_word' id='word_1_1' title='bbox 418 201 458 249; x_wconf 80' lang='grc' dir='ltr'><strong>Μ.</strong></span> <span class='ocrx_word' id='word_1_2' title='bbox 472 200 550 248; x_wconf 81' lang='lat' dir='ltr'><strong>FAB.</strong></span> <span class='ocrx_word' id='word_1_3' title='bbox 567 198 787 259; x_wconf 77' lang='lat' dir='ltr'><strong>QUINTILIANI</strong></span> 
     </span>
    </p>
   </div>
   <div class='ocr_carea' id='block_1_2' title="bbox 373 354 840 407">
    <p class='ocr_par' dir='ltr' id='par_1_2' title="bbox 373 354 840 407">
     <span class='ocr_line' id='line_1_2' title="bbox 373 354 840 407; baseline 0 -1"><span class='ocrx_word' id='word_1_4' title='bbox 373 357 416 406; x_wconf 84' lang='lat' dir='ltr'><strong>DE</strong></span> <span class='ocrx_word' id='word_1_5' title='bbox 434 355 560 407; x_wconf 84' lang='lat' dir='ltr'><strong>FlGURlS</strong></span> <span class='ocrx_word' id='word_1_6' title='bbox 576 354 840 407; x_wconf 79' lang='lat' dir='ltr'><strong>SENTENTIARUM.</strong></span> 
     </span>
    </p>
   </div>
   <div class='ocr_carea' id='block_1_3' title="bbox 76 435 1113 3538">
    <p class='ocr_par' dir='ltr' id='par_1_3' title="bbox 102 435 1109 935">
     <span class='ocr_line' id='line_1_3' title="bbox 186 435 1109 516; baseline -0.001 -17"><span class='ocrx_word' id='word_1_7' title='bbox 186 439 223 500; x_wconf 91' lang='lat' dir='ltr'><strong>ll.</strong></span> <span class='ocrx_word' id='word_1_8' title='bbox 255 436 336 516; x_wconf 81' lang='lat' dir='ltr'><strong>Ergo</strong></span> <span class='ocrx_word' id='word_1_9' title='bbox 354 440 400 497; x_wconf 92' lang='lat' dir='ltr'><strong>cui</strong></span> <span class='ocrx_word' id='word_1_10' title='bbox 417 437 502 497; x_wconf 91' lang='lat' dir='ltr'><strong>latius</strong></span> <span class='ocrx_word' id='word_1_11' title='bbox 518 436 674 516; x_wconf 74' lang='lat' dir='ltr'>complecti</span> <span class='ocrx_word' id='word_1_12' title='bbox 691 435 936 496; x_wconf 76' lang='lat' dir='ltr'><strong>conformationes</strong></span> <span class='ocrx_word' id='word_1_13' title='bbox 951 437 1109 498; x_wconf 85' lang='lat' dir='ltr'><strong>verborum</strong></span> 
     </span>
     <span class='ocr_line' id='line_1_4' title="bbox 103 520 1108 599; baseline -0.006 -12"><span class='ocrx_word' id='word_1_14' title='bbox 103 544 138 587; x_wconf 91' lang='lat' dir='ltr'><strong>ac</strong></span> <span class='ocrx_word' id='word_1_15' title='bbox 154 524 359 584; x_wconf 89' lang='lat' dir='ltr'><strong>sententiarum</strong></span> <span class='ocrx_word' id='word_1_16' title='bbox 384 521 543 599; x_wconf 77' lang='lat' dir='ltr'>placuerit,</span> <span class='ocrx_word' id='word_1_17' title='bbox 562 521 661 596; x_wconf 87' lang='lat' dir='ltr'><strong>habet,</strong></span> <span class='ocrx_word' id='word_1_18' title='bbox 678 521 756 599; x_wconf 93' lang='lat' dir='ltr'><strong>qnod</strong></span> <span class='ocrx_word' id='word_1_19' title='bbox 772 529 927 598; x_wconf 86' lang='lat' dir='ltr'><strong>sequatur,</strong></span> <span class='ocrx_word' id='word_1_20' title='bbox 950 539 1006 582; x_wconf 90' lang='lat' dir='ltr'><strong>nec</strong></span> <span class='ocrx_word' id='word_1_21' title='bbox 1029 520 1108 583; x_wconf 86' lang='lat' dir='ltr'><strong>ailir·</strong></span> 
     </span>
     <span class='ocr_line' id='line_1_5' title="bbox 102 604 1108 685; baseline -0.006 -15"><span class='ocrx_word' id='word_1_22' title='bbox 102 627 182 670; x_wconf 88' lang='lat' dir='ltr'><strong>mare</strong></span> <span class='ocrx_word' id='word_1_23' title='bbox 204 609 311 681; x_wconf 87' lang='lat' dir='ltr'><strong>ausim,</strong></span> <span class='ocrx_word' id='word_1_24' title='bbox 328 606 480 684; x_wconf 90' lang='lat' dir='ltr'><strong>quicquam</strong></span> <span class='ocrx_word' id='word_1_25' title='bbox 504 623 571 664; x_wconf 90' lang='lat' dir='ltr'><strong>esse</strong></span> <span class='ocrx_word' id='word_1_26' title='bbox 591 605 711 673; x_wconf 89' lang='lat' dir='ltr'><strong>melius;</strong></span> <span class='ocrx_word' id='word_1_27' title='bbox 736 605 788 665; x_wconf 90' lang='lat' dir='ltr'><strong>sed</strong></span> <span class='ocrx_word' id='word_1_28' title='bbox 809 604 882 665; x_wconf 85' lang='lat' dir='ltr'><strong>liaeo</strong></span> <span class='ocrx_word' id='word_1_29' title='bbox 904 605 939 666; x_wconf 88' lang='lat' dir='ltr'><strong>ad</strong></span> <span class='ocrx_word' id='word_1_30' title='bbox 962 607 1108 685; x_wconf 74' lang='lat' dir='ltr'><strong>propositi</strong></span> 
     </span>
     <span class='ocr_line' id='line_1_6' title="bbox 104 687 1107 767; baseline -0.005 -13"><span class='ocrx_word' id='word_1_31' title='bbox 104 695 160 754; x_wconf 87' lang='lat' dir='ltr'><strong>mei</strong></span> <span class='ocrx_word' id='word_1_32' title='bbox 174 692 315 751; x_wconf 87' lang='lat' dir='ltr'><strong>rationem</strong></span> <span class='ocrx_word' id='word_1_33' title='bbox 337 690 427 767; x_wconf 79' lang='lat' dir='ltr'><strong>legat.</strong></span> <span class='ocrx_word' id='word_1_34' title='bbox 457 687 529 748; x_wconf 89' lang='lat' dir='ltr'><strong>Nam</strong></span> <span class='ocrx_word' id='word_1_35' title='bbox 551 688 620 749; x_wconf 89' lang='lat' dir='ltr'><strong>milri</strong></span> <span class='ocrx_word' id='word_1_36' title='bbox 642 688 678 748; x_wconf 88' lang='lat' dir='ltr'><strong>de</strong></span> <span class='ocrx_word' id='word_1_37' title='bbox 702 689 747 750; x_wconf 90' lang='lat' dir='ltr'><strong>his</strong></span> <span class='ocrx_word' id='word_1_38' title='bbox 770 691 1042 749; x_wconf 88' lang='lat' dir='ltr'><strong>sententiarum</strong></span> <span class='ocrx_word' id='word_1_39' title='bbox 1061 688 1107 749; x_wconf 86' lang='lat' dir='ltr'><strong>ii·</strong></span> 
     </span>
     <span class='ocr_line' id='line_1_7' title="bbox 103 772 1107 857; baseline -0.003 -21"><span class='ocrx_word' id='word_1_40' title='bbox 103 777 206 857; x_wconf 79' lang='lat' dir='ltr'><strong>guris</strong></span> <span class='ocrx_word' id='word_1_41' title='bbox 225 775 323 835; x_wconf 86' lang='lat' dir='ltr'><strong>dicere</strong></span> <span class='ocrx_word' id='word_1_42' title='bbox 338 774 366 832; x_wconf 94' lang='lat' dir='ltr'><strong>in</strong></span> <span class='ocrx_word' id='word_1_43' title='bbox 383 775 476 833; x_wconf 89' lang='lat' dir='ltr'><strong>animo</strong></span> <span class='ocrx_word' id='word_1_44' title='bbox 494 781 555 849; x_wconf 91' lang='lat' dir='ltr'><strong>est,</strong></span> <span class='ocrx_word' id='word_1_45' title='bbox 581 791 655 852; x_wconf 92' lang='lat' dir='ltr'><strong>quae</strong></span> <span class='ocrx_word' id='word_1_46' title='bbox 677 773 713 833; x_wconf 91' lang='lat' dir='ltr'><strong>ab</strong></span> <span class='ocrx_word' id='word_1_47' title='bbox 729 772 781 833; x_wconf 95' lang='lat' dir='ltr'><strong>illo</strong></span> <span class='ocrx_word' id='word_1_48' title='bbox 797 773 922 852; x_wconf 83' lang='lat' dir='ltr'><strong>simplici</strong></span> <span class='ocrx_word' id='word_1_49' title='bbox 936 773 1023 833; x_wconf 89' lang='lat' dir='ltr'><strong>modo</strong></span> <span class='ocrx_word' id='word_1_50' title='bbox 1035 773 1107 834; x_wconf 89' lang='lat' dir='ltr'><strong>iudi·</strong></span> 
     </span>
     <span class='ocr_line' id='line_1_8' title="bbox 105 855 1107 940; baseline -0.004 -19"><span class='ocrx_word' id='word_1_51' title='bbox 105 860 188 921; x_wconf 91' lang='lat' dir='ltr'><strong>candi</strong></span> <span class='ocrx_word' id='word_1_52' title='bbox 212 857 366 926; x_wconf 88' lang='lat' dir='ltr'><strong>recedunt;</strong></span> <span class='ocrx_word' id='word_1_53' title='bbox 394 858 471 935; x_wconf 89' lang='lat' dir='ltr'><strong>qnod</strong></span> <span class='ocrx_word' id='word_1_54' title='bbox 497 857 572 917; x_wconf 89' lang='lat' dir='ltr'><strong>idem</strong></span> <span class='ocrx_word' id='word_1_55' title='bbox 601 858 696 917; x_wconf 87' lang='lat' dir='ltr'><strong>multis</strong></span> <span class='ocrx_word' id='word_1_56' title='bbox 723 858 910 940; x_wconf 79' lang='lat' dir='ltr'><strong>doctissimis</strong></span> <span class='ocrx_word' id='word_1_57' title='bbox 923 858 993 916; x_wconf 84' lang='lat' dir='ltr'><strong>viris</strong></span> <span class='ocrx_word' id='word_1_58' title='bbox 1019 855 1107 917; x_wconf 83' lang='lat' dir='ltr'><strong>video</strong></span> 
     </span>
    </p>

    <p class='ocr_par' dir='ltr' id='par_1_4' title="bbox 76 936 1109 1527">
     <span class='ocr_line' id='line_1_9' title="bbox 76 936 1108 1041; baseline -0.005 -36"><span class='ocrx_word' id='word_1_59' title='bbox 76 944 262 1023; x_wconf 80' lang='lat' dir='ltr'><strong>2placuisse.</strong></span> <span class='ocrx_word' id='word_1_60' title='bbox 294 939 394 1003; x_wconf 87' lang='lat' dir='ltr'><strong>Omnia</strong></span> <span class='ocrx_word' id='word_1_61' title='bbox 412 951 507 1001; x_wconf 84' lang='lat' dir='ltr'><strong>tamen</strong></span> <span class='ocrx_word' id='word_1_62' title='bbox 522 940 589 1017; x_wconf 88' lang='lat' dir='ltr'><strong>illa,</strong></span> <span class='ocrx_word' id='word_1_63' title='bbox 611 943 697 1001; x_wconf 88' lang='lat' dir='ltr'><strong>etiam</strong></span> <span class='ocrx_word' id='word_1_64' title='bbox 722 936 796 1041; x_wconf 78' lang='lat' dir='ltr'><strong>quae</strong></span> <span class='ocrx_word' id='word_1_65' title='bbox 812 950 876 1001; x_wconf 92' lang='lat' dir='ltr'><strong>sunt</strong></span> <span class='ocrx_word' id='word_1_66' title='bbox 892 940 1012 1001; x_wconf 88' lang='lat' dir='ltr'><strong>alterius</strong></span> <span class='ocrx_word' id='word_1_67' title='bbox 1028 942 1108 1002; x_wconf 92' lang='lat' dir='ltr'><strong>modi</strong></span> 
     </span>
     <span class='ocr_line' id='line_1_10' title="bbox 104 1022 1108 1102; baseline -0.004 -14"><span class='ocrx_word' id='word_1_68' title='bbox 104 1029 219 1102; x_wconf 87' lang='lat' dir='ltr'><strong>lumina,</strong></span> <span class='ocrx_word' id='word_1_69' title='bbox 236 1026 310 1086; x_wconf 90' lang='lat' dir='ltr'><strong>adeo</strong></span> <span class='ocrx_word' id='word_1_70' title='bbox 327 1035 392 1085; x_wconf 90' lang='lat' dir='ltr'><strong>sunt</strong></span> <span class='ocrx_word' id='word_1_71' title='bbox 406 1027 527 1086; x_wconf 83' lang='lat' dir='ltr'><strong>virtutes</strong></span> <span class='ocrx_word' id='word_1_72' title='bbox 545 1022 700 1102; x_wconf 83' lang='lat' dir='ltr'><strong>orationis,</strong></span> <span class='ocrx_word' id='word_1_73' title='bbox 717 1034 747 1084; x_wconf 91' lang='lat' dir='ltr'><strong>ut</strong></span> <span class='ocrx_word' id='word_1_74' title='bbox 763 1027 825 1084; x_wconf 88' lang='lat' dir='ltr'><strong>sine</strong></span> <span class='ocrx_word' id='word_1_75' title='bbox 839 1026 873 1084; x_wconf 93' lang='lat' dir='ltr'><strong>iis</strong></span> <span class='ocrx_word' id='word_1_76' title='bbox 889 1024 968 1085; x_wconf 90' lang='lat' dir='ltr'><strong>nulla</strong></span> <span class='ocrx_word' id='word_1_77' title='bbox 983 1023 1108 1102; x_wconf 73' lang='lat' dir='ltr'><strong>intelligi</strong></span> 
     </span>
     <span class='ocr_line' id='line_1_11' title="bbox 104 1108 1109 1208; baseline -0.004 -36"><span class='ocrx_word' id='word_1_78' title='bbox 104 1115 166 1173; x_wconf 88' lang='lat' dir='ltr'><strong>lere</strong></span> <span class='ocrx_word' id='word_1_79' title='bbox 189 1112 282 1190; x_wconf 87' lang='lat' dir='ltr'><strong>possit</strong></span> <span class='ocrx_word' id='word_1_80' title='bbox 304 1112 407 1170; x_wconf 88' lang='lat' dir='ltr'><strong>oratio</strong></span> <span class='ocrx_word' id='word_1_81' title='bbox 444 1108 516 1170; x_wconf 91' lang='lat' dir='ltr'><strong>Nam</strong></span> <span class='ocrx_word' id='word_1_82' title='bbox 540 1110 686 1208; x_wconf 83' lang='lat' dir='ltr'><strong>quomodo</strong></span> <span class='ocrx_word' id='word_1_83' title='bbox 708 1109 796 1170; x_wconf 90' lang='lat' dir='ltr'><strong>iudex</strong></span> <span class='ocrx_word' id='word_1_84' title='bbox 821 1110 922 1169; x_wconf 90' lang='lat' dir='ltr'><strong>doceri</strong></span> <span class='ocrx_word' id='word_1_85' title='bbox 944 1118 1060 1188; x_wconf 90' lang='lat' dir='ltr'><strong>potest,</strong></span> <span class='ocrx_word' id='word_1_86' title='bbox 1084 1109 1109 1168; x_wconf 88' lang='lat' dir='ltr'><strong>si</strong></span> 
     </span>
     <span class='ocr_line' id='line_1_12' title="bbox 104 1194 1108 1293; baseline -0.005 -36"><span class='ocrx_word' id='word_1_87' title='bbox 104 1197 179 1258; x_wconf 85' lang='lat' dir='ltr'><strong>desit</strong></span> <span class='ocrx_word' id='word_1_88' title='bbox 197 1195 316 1254; x_wconf 90' lang='lat' dir='ltr'><strong>illustris</strong></span> <span class='ocrx_word' id='word_1_89' title='bbox 332 1195 524 1293; x_wconf 81' lang='lat' dir='ltr'><strong>explanatio,</strong></span> <span class='ocrx_word' id='word_1_90' title='bbox 535 1195 719 1291; x_wconf 80' lang='lat' dir='ltr'><strong>propositio,</strong></span> <span class='ocrx_word' id='word_1_91' title='bbox 742 1195 914 1271; x_wconf 89' lang='lat' dir='ltr'><strong>promissio,</strong></span> <span class='ocrx_word' id='word_1_92' title='bbox 937 1194 1044 1270; x_wconf 92' lang='lat' dir='ltr'><strong>linitio,</strong></span> <span class='ocrx_word' id='word_1_93' title='bbox 1060 1210 1108 1252; x_wconf 88' lang='lat' dir='ltr'><strong>se·</strong></span> 
     </span>
     <span class='ocr_line' id='line_1_13' title="bbox 104 1278 1108 1363; baseline -0.004 -24"><span class='ocrx_word' id='word_1_94' title='bbox 104 1281 228 1363; x_wconf 90' lang='lat' dir='ltr'><strong>iunctio,</strong></span> <span class='ocrx_word' id='word_1_95' title='bbox 253 1280 398 1356; x_wconf 86' lang='lat' dir='ltr'><strong>expositio</strong></span> <span class='ocrx_word' id='word_1_96' title='bbox 418 1278 578 1337; x_wconf 87' lang='lat' dir='ltr'><strong>sententiae</strong></span> <span class='ocrx_word' id='word_1_97' title='bbox 600 1295 686 1353; x_wconf 90' lang='lat' dir='ltr'><strong>suae,</strong></span> <span class='ocrx_word' id='word_1_98' title='bbox 710 1279 828 1338; x_wconf 89' lang='lat' dir='ltr'><strong>rationis</strong></span> <span class='ocrx_word' id='word_1_99' title='bbox 853 1287 920 1358; x_wconf 87' lang='lat' dir='ltr'><strong>apta</strong></span> <span class='ocrx_word' id='word_1_100' title='bbox 944 1278 1108 1353; x_wconf 88' lang='lat' dir='ltr'><strong>conclusio,</strong></span> 
     </span>
     <span class='ocr_line' id='line_1_14' title="bbox 104 1355 1109 1443; baseline -0.004 -19"><span class='ocrx_word' id='word_1_101' title='bbox 104 1355 310 1443; x_wconf 87' lang='lat' dir='ltr'><strong>praemunitio,</strong></span> <span class='ocrx_word' id='word_1_102' title='bbox 334 1361 505 1437; x_wconf 89' lang='lat' dir='ltr'><strong>similitudo,</strong></span> <span class='ocrx_word' id='word_1_103' title='bbox 525 1361 703 1440; x_wconf 88' lang='lat' dir='ltr'><strong>exemplum,</strong></span> <span class='ocrx_word' id='word_1_104' title='bbox 722 1363 858 1439; x_wconf 80' lang='lat' dir='ltr'><strong>digestio,</strong></span> <span class='ocrx_word' id='word_1_105' title='bbox 877 1361 1077 1437; x_wconf 86' lang='lat' dir='ltr'><strong>distributio,</strong></span> <span class='ocrx_word' id='word_1_106' title='bbox 1066 1378 1109 1420; x_wconf 92' lang='lat' dir='ltr'><strong>rn-</strong></span> 
     </span>
     <span class='ocr_line' id='line_1_15' title="bbox 104 1445 1108 1589; baseline -0.005 -80"><span class='ocrx_word' id='word_1_107' title='bbox 104 1447 290 1589; x_wconf 88' lang='lat' dir='ltr'><strong>terpellatio,</strong></span> <span class='ocrx_word' id='word_1_108' title='bbox 327 1445 540 1524; x_wconf 88' lang='lat' dir='ltr'><strong>interpellantis</strong></span> <span class='ocrx_word' id='word_1_109' title='bbox 570 1446 729 1521; x_wconf 91' lang='lat' dir='ltr'><strong>coercitio,</strong></span> <span class='ocrx_word' id='word_1_110' title='bbox 766 1448 930 1522; x_wconf 90' lang='lat' dir='ltr'><strong>contentio,</strong></span> <span class='ocrx_word' id='word_1_111' title='bbox 960 1446 1108 1525; x_wconf 81' lang='lat' dir='ltr'><strong>purgatio,</strong></span> 
     </span>
    </p>

    <p class='ocr_par' dir='ltr' id='par_1_5' title="bbox 76 1527 1111 2196">
     <span class='ocr_line' id='line_1_16' title="bbox 76 1527 1110 1609; baseline -0.005 -15"><span class='ocrx_word' id='word_1_112' title='bbox 76 1527 219 1595; x_wconf 67' lang='lat' dir='ltr'><strong>dlaesioi</strong></span> <span class='ocrx_word' id='word_1_113' title='bbox 257 1528 332 1602; x_wconf 83' lang='lat' dir='ltr'><strong>Quid</strong></span> <span class='ocrx_word' id='word_1_114' title='bbox 347 1546 419 1589; x_wconf 88' lang='lat' dir='ltr'><strong>vcro</strong></span> <span class='ocrx_word' id='word_1_115' title='bbox 442 1531 502 1607; x_wconf 82' lang='lat' dir='ltr'><strong>agit</strong></span> <span class='ocrx_word' id='word_1_116' title='bbox 524 1531 637 1588; x_wconf 90' lang='lat' dir='ltr'><strong>omnino</strong></span> <span class='ocrx_word' id='word_1_117' title='bbox 661 1529 827 1607; x_wconf 84' lang='lat' dir='ltr'><strong>eloquentia</strong></span> <span class='ocrx_word' id='word_1_118' title='bbox 847 1530 985 1591; x_wconf 90' lang='lat' dir='ltr'><strong>detractis</strong></span> <span class='ocrx_word' id='word_1_119' title='bbox 1008 1529 1110 1609; x_wconf 91' lang='lat' dir='ltr'><strong>ampli·</strong></span> 
     </span>
     <span class='ocr_line' id='line_1_17' title="bbox 106 1610 1110 1692; baseline -0.004 -17"><span class='ocrx_word' id='word_1_120' title='bbox 106 1613 209 1675; x_wconf 85' lang='lat' dir='ltr'><strong>ircandi</strong></span> <span class='ocrx_word' id='word_1_121' title='bbox 231 1613 434 1691; x_wconf 89' lang='lat' dir='ltr'><strong>minuendique</strong></span> <span class='ocrx_word' id='word_1_122' title='bbox 459 1610 641 1674; x_wconf 80' lang='lat' dir='ltr'><strong>rationibus?</strong></span> <span class='ocrx_word' id='word_1_123' title='bbox 671 1612 797 1686; x_wconf 83' lang='lat' dir='ltr'><strong>Quarum</strong></span> <span class='ocrx_word' id='word_1_124' title='bbox 817 1616 898 1692; x_wconf 92' lang='lat' dir='ltr'><strong>prior</strong></span> <span class='ocrx_word' id='word_1_125' title='bbox 914 1612 1062 1674; x_wconf 88' lang='lat' dir='ltr'><strong>desiderat</strong></span> <span class='ocrx_word' id='word_1_126' title='bbox 1077 1613 1110 1672; x_wconf 93' lang='lat' dir='ltr'><strong>il·</strong></span> 
     </span>
     <span class='ocr_line' id='line_1_18' title="bbox 106 1696 1110 1775; baseline -0.003 -16"><span class='ocrx_word' id='word_1_127' title='bbox 106 1700 161 1760; x_wconf 89' lang='lat' dir='ltr'><strong>lam</strong></span> <span class='ocrx_word' id='word_1_128' title='bbox 187 1698 253 1775; x_wconf 92' lang='lat' dir='ltr'><strong>plus</strong></span> <span class='ocrx_word' id='word_1_129' title='bbox 275 1715 359 1775; x_wconf 89' lang='lat' dir='ltr'><strong>quam</strong></span> <span class='ocrx_word' id='word_1_130' title='bbox 379 1697 488 1757; x_wconf 83' lang='lat' dir='ltr'><strong>dixeris</strong></span> <span class='ocrx_word' id='word_1_131' title='bbox 511 1697 767 1775; x_wconf 81' lang='lat' dir='ltr'><strong>significationem,</strong></span> <span class='ocrx_word' id='word_1_132' title='bbox 791 1697 884 1757; x_wconf 92' lang='lat' dir='ltr'><strong>idest</strong></span> <span class='ocrx_word' id='word_1_133' title='bbox 914 1696 1058 1775; x_wconf 75' lang='grc' dir='ltr'><strong><em>ἔμφασιν,</em></strong></span> <span class='ocrx_word' id='word_1_134' title='bbox 1081 1705 1110 1756; x_wconf 88' lang='lat' dir='ltr'><strong>et</strong></span> 
     </span>
     <span class='ocr_line' id='line_1_19' title="bbox 106 1780 1109 1860; baseline -0.001 -19"><span class='ocrx_word' id='word_1_135' title='bbox 106 1782 332 1860; x_wconf 86' lang='lat' dir='ltr'><strong>superlationem</strong></span> <span class='ocrx_word' id='word_1_136' title='bbox 354 1783 486 1842; x_wconf 90' lang='lat' dir='ltr'><strong>veritatis</strong></span> <span class='ocrx_word' id='word_1_137' title='bbox 509 1792 539 1842; x_wconf 93' lang='lat' dir='ltr'><strong>et</strong></span> <span class='ocrx_word' id='word_1_138' title='bbox 559 1783 778 1849; x_wconf 88' lang='lat' dir='ltr'><strong>traiectionem;</strong></span> <span class='ocrx_word' id='word_1_139' title='bbox 802 1780 877 1842; x_wconf 89' lang='lat' dir='ltr'><strong>haec</strong></span> <span class='ocrx_word' id='word_1_140' title='bbox 906 1781 999 1841; x_wconf 89' lang='lat' dir='ltr'><strong>altera</strong></span> <span class='ocrx_word' id='word_1_141' title='bbox 1027 1789 1109 1841; x_wconf 86' lang='lat' dir='ltr'><strong>exte·</strong></span> 
     </span>
     <span class='ocr_line' id='line_1_20' title="bbox 106 1864 1109 1945; baseline -0.003 -19"><span class='ocrx_word' id='word_1_142' title='bbox 106 1866 279 1940; x_wconf 81' lang='lat' dir='ltr'><strong>unctionem,</strong></span> <span class='ocrx_word' id='word_1_143' title='bbox 296 1866 601 1945; x_wconf 88' lang='lat' dir='ltr'><strong>deprecationemque.</strong></span> <span class='ocrx_word' id='word_1_144' title='bbox 641 1864 697 1938; x_wconf 84' lang='lat' dir='ltr'><strong>Qui</strong></span> <span class='ocrx_word' id='word_1_145' title='bbox 722 1865 843 1925; x_wconf 80' lang='lat' dir='ltr'><strong>affectus</strong></span> <span class='ocrx_word' id='word_1_146' title='bbox 867 1874 949 1925; x_wconf 89' lang='lat' dir='ltr'><strong>erunt</strong></span> <span class='ocrx_word' id='word_1_147' title='bbox 969 1864 1020 1924; x_wconf 85' lang='lat' dir='ltr'><strong>vel</strong></span> <span class='ocrx_word' id='word_1_148' title='bbox 1041 1881 1109 1925; x_wconf 93' lang='lat' dir='ltr'><strong>con-</strong></span> 
     </span>
     <span class='ocr_line' id='line_1_21' title="bbox 107 1947 1109 2027; baseline -0.002 -18"><span class='ocrx_word' id='word_1_149' title='bbox 107 1951 184 2009; x_wconf 89' lang='lat' dir='ltr'><strong>citati</strong></span> <span class='ocrx_word' id='word_1_150' title='bbox 200 1949 331 2010; x_wconf 89' lang='lat' dir='ltr'><strong>detracta</strong></span> <span class='ocrx_word' id='word_1_151' title='bbox 346 1967 422 2009; x_wconf 90' lang='lat' dir='ltr'><strong>voce</strong></span> <span class='ocrx_word' id='word_1_152' title='bbox 444 1949 552 2027; x_wconf 84' lang='lat' dir='ltr'><strong>libere,</strong></span> <span class='ocrx_word' id='word_1_153' title='bbox 577 1950 764 2011; x_wconf 81' lang='lat' dir='ltr'><strong>effrenatiore</strong></span> <span class='ocrx_word' id='word_1_154' title='bbox 786 1948 951 2026; x_wconf 89' lang='lat' dir='ltr'><strong>iracundia,</strong></span> <span class='ocrx_word' id='word_1_155' title='bbox 974 1947 1109 2026; x_wconf 76' lang='lat' dir='ltr'><strong>obiurga-</strong></span> 
     </span>
     <span class='ocr_line' id='line_1_22' title="bbox 104 2031 1110 2113; baseline -0.002 -20"><span class='ocrx_word' id='word_1_156' title='bbox 104 2036 195 2108; x_wconf 83' lang='lat' dir='ltr'><strong>tione,</strong></span> <span class='ocrx_word' id='word_1_157' title='bbox 212 2034 377 2113; x_wconf 85' lang='lat' dir='ltr'><strong>optetione,</strong></span> <span class='ocrx_word' id='word_1_158' title='bbox 397 2031 605 2095; x_wconf 80' lang='lat' dir='ltr'><strong>execratione?</strong></span> <span class='ocrx_word' id='word_1_159' title='bbox 616 2033 666 2094; x_wconf 83' lang='lat' dir='ltr'><strong>vel</strong></span> <span class='ocrx_word' id='word_1_160' title='bbox 684 2033 725 2093; x_wconf 92' lang='lat' dir='ltr'><strong>illi</strong></span> <span class='ocrx_word' id='word_1_161' title='bbox 747 2034 888 2110; x_wconf 88' lang='lat' dir='ltr'><strong>mitiores,</strong></span> <span class='ocrx_word' id='word_1_162' title='bbox 907 2034 962 2093; x_wconf 89' lang='lat' dir='ltr'><strong>nisi</strong></span> <span class='ocrx_word' id='word_1_163' title='bbox 975 2032 1110 2094; x_wconf 83' lang='lat' dir='ltr'><strong>adiuran-</strong></span> 
     </span>
     <span class='ocr_line' id='line_1_23' title="bbox 106 2111 1111 2196; baseline -0.002 -19"><span class='ocrx_word' id='word_1_164' title='bbox 106 2128 151 2177; x_wconf 88' lang='lat' dir='ltr'><strong>tur</strong></span> <span class='ocrx_word' id='word_1_165' title='bbox 166 2117 428 2193; x_wconf 90' lang='lat' dir='ltr'><strong>commendatione,</strong></span> <span class='ocrx_word' id='word_1_166' title='bbox 448 2118 663 2193; x_wconf 92' lang='lat' dir='ltr'><strong>conciliatione,</strong></span> <span class='ocrx_word' id='word_1_167' title='bbox 682 2118 718 2178; x_wconf 97' lang='lat' dir='ltr'><strong>ad</strong></span> <span class='ocrx_word' id='word_1_168' title='bbox 731 2117 904 2178; x_wconf 90' lang='lat' dir='ltr'><strong>hilaritatem</strong></span> <span class='ocrx_word' id='word_1_169' title='bbox 915 2111 1111 2196; x_wconf 80' lang='lat' dir='ltr'><strong>impulsione?</strong></span> 
     </span>
    </p>

    <p class='ocr_par' dir='ltr' id='par_1_6' title="bbox 77 2163 1111 2700">
     <span class='ocr_line' id='line_1_24' title="bbox 77 2163 1111 2280; baseline 0 -22"><span class='ocrx_word' id='word_1_170' title='bbox 77 2200 188 2274; x_wconf 69' lang='lat' dir='ltr'><strong>douae</strong></span> <span class='ocrx_word' id='word_1_171' title='bbox 209 2200 366 2260; x_wconf 90' lang='lat' dir='ltr'><strong>delectatio</strong></span> <span class='ocrx_word' id='word_1_172' title='bbox 389 2163 438 2260; x_wconf 72' lang='lat' dir='ltr'><strong>anit</strong></span> <span class='ocrx_word' id='word_1_173' title='bbox 458 2201 535 2280; x_wconf 93' lang='lat' dir='ltr'><strong>quod</strong></span> <span class='ocrx_word' id='word_1_174' title='bbox 557 2202 743 2262; x_wconf 88' lang='lat' dir='ltr'><strong>mediocriter</strong></span> <span class='ocrx_word' id='word_1_175' title='bbox 763 2201 865 2261; x_wconf 87' lang='lat' dir='ltr'><strong>saltem</strong></span> <span class='ocrx_word' id='word_1_176' title='bbox 886 2200 966 2261; x_wconf 88' lang='lat' dir='ltr'><strong>docti</strong></span> <span class='ocrx_word' id='word_1_177' title='bbox 987 2200 1111 2262; x_wconf 87' lang='lat' dir='ltr'><strong>hominis</strong></span> 
     </span>
     <span class='ocr_line' id='line_1_25' title="bbox 105 2269 1110 2363; baseline 0 -19"><span class='ocrx_word' id='word_1_178' title='bbox 105 2285 256 2345; x_wconf 87' lang='lat' dir='ltr'><strong>indicium:</strong></span> <span class='ocrx_word' id='word_1_179' title='bbox 284 2284 338 2343; x_wconf 91' lang='lat' dir='ltr'><strong>nisi</strong></span> <span class='ocrx_word' id='word_1_180' title='bbox 364 2285 421 2344; x_wconf 89' lang='lat' dir='ltr'><strong>alia</strong></span> <span class='ocrx_word' id='word_1_181' title='bbox 442 2286 617 2362; x_wconf 88' lang='lat' dir='ltr'><strong>repetitione</strong></span> <span class='ocrx_word' id='word_1_182' title='bbox 643 2285 700 2344; x_wconf 84' lang='lat' dir='ltr'><strong>alia</strong></span> <span class='ocrx_word' id='word_1_183' title='bbox 725 2287 950 2345; x_wconf 89' lang='lat' dir='ltr'><strong>commoratione</strong></span> <span class='ocrx_word' id='word_1_184' title='bbox 964 2269 1110 2363; x_wconf 80' lang='lat' dir='ltr'><strong>infigere,</strong></span> 
     </span>
     <span class='ocr_line' id='line_1_26' title="bbox 106 2368 1111 2467; baseline 0 -40"><span class='ocrx_word' id='word_1_185' title='bbox 106 2368 219 2467; x_wconf 79' lang='lat' dir='ltr'><strong>digredi</strong></span> <span class='ocrx_word' id='word_1_186' title='bbox 235 2386 251 2428; x_wconf 99' lang='lat' dir='ltr'><strong>a</strong></span> <span class='ocrx_word' id='word_1_187' title='bbox 267 2386 298 2428; x_wconf 91' lang='lat' dir='ltr'><strong>re</strong></span> <span class='ocrx_word' id='word_1_188' title='bbox 315 2376 345 2427; x_wconf 90' lang='lat' dir='ltr'><strong>et</strong></span> <span class='ocrx_word' id='word_1_189' title='bbox 359 2369 455 2429; x_wconf 88' lang='lat' dir='ltr'><strong>redire</strong></span> <span class='ocrx_word' id='word_1_190' title='bbox 471 2370 506 2430; x_wconf 94' lang='lat' dir='ltr'><strong>ad</strong></span> <span class='ocrx_word' id='word_1_191' title='bbox 523 2370 705 2448; x_wconf 88' lang='lat' dir='ltr'><strong>propositum</strong></span> <span class='ocrx_word' id='word_1_192' title='bbox 721 2387 803 2428; x_wconf 89' lang='lat' dir='ltr'><strong>suum</strong></span> <span class='ocrx_word' id='word_1_193' title='bbox 822 2371 935 2438; x_wconf 89' lang='lat' dir='ltr'><strong>scierit;</strong></span> <span class='ocrx_word' id='word_1_194' title='bbox 956 2385 1111 2429; x_wconf 82' lang='lat' dir='ltr'><strong>removere</strong></span> 
     </span>
     <span class='ocr_line' id='line_1_27' title="bbox 105 2451 1111 2532; baseline -0.001 -20"><span class='ocrx_word' id='word_1_195' title='bbox 105 2471 122 2512; x_wconf 89' lang='lat' dir='ltr'><strong>a</strong></span> <span class='ocrx_word' id='word_1_196' title='bbox 138 2470 182 2528; x_wconf 91' lang='lat' dir='ltr'><strong>se,</strong></span> <span class='ocrx_word' id='word_1_197' title='bbox 199 2453 227 2511; x_wconf 91' lang='lat' dir='ltr'><strong>in</strong></span> <span class='ocrx_word' id='word_1_198' title='bbox 243 2452 328 2512; x_wconf 91' lang='lat' dir='ltr'><strong>alium</strong></span> <span class='ocrx_word' id='word_1_199' title='bbox 339 2453 490 2521; x_wconf 88' lang='lat' dir='ltr'><strong>traiicerc;</strong></span> <span class='ocrx_word' id='word_1_200' title='bbox 508 2470 582 2531; x_wconf 88' lang='lat' dir='ltr'><strong>quae</strong></span> <span class='ocrx_word' id='word_1_201' title='bbox 599 2453 801 2531; x_wconf 90' lang='lat' dir='ltr'><strong>relinquenda,</strong></span> <span class='ocrx_word' id='word_1_202' title='bbox 814 2471 889 2532; x_wconf 89' lang='lat' dir='ltr'><strong>quae</strong></span> <span class='ocrx_word' id='word_1_203' title='bbox 902 2451 1111 2512; x_wconf 86' lang='lat' dir='ltr'><strong>contemnenda</strong></span> 
     </span>
     <span class='ocr_line' id='line_1_28' title="bbox 106 2531 1110 2616; baseline -0.001 -21"><span class='ocrx_word' id='word_1_204' title='bbox 106 2538 172 2612; x_wconf 92' lang='lat' dir='ltr'><strong>sint,</strong></span> <span class='ocrx_word' id='word_1_205' title='bbox 193 2531 343 2596; x_wconf 81' lang='lat' dir='ltr'><strong>iudicare?</strong></span> <span class='ocrx_word' id='word_1_206' title='bbox 372 2534 468 2595; x_wconf 82' lang='lat' dir='ltr'><strong>Motus</strong></span> <span class='ocrx_word' id='word_1_207' title='bbox 486 2546 532 2596; x_wconf 90' lang='lat' dir='ltr'><strong>est</strong></span> <span class='ocrx_word' id='word_1_208' title='bbox 553 2537 582 2596; x_wconf 93' lang='lat' dir='ltr'><strong>in</strong></span> <span class='ocrx_word' id='word_1_209' title='bbox 602 2535 646 2596; x_wconf 83' lang='lat' dir='ltr'><strong>luis</strong></span> <span class='ocrx_word' id='word_1_210' title='bbox 667 2538 806 2597; x_wconf 88' lang='lat' dir='ltr'><strong>orationis</strong></span> <span class='ocrx_word' id='word_1_211' title='bbox 825 2545 911 2616; x_wconf 88' lang='lat' dir='ltr'><strong>atque</strong></span> <span class='ocrx_word' id='word_1_212' title='bbox 927 2545 1026 2613; x_wconf 92' lang='lat' dir='ltr'><strong>actus,</strong></span> <span class='ocrx_word' id='word_1_213' title='bbox 1049 2536 1110 2615; x_wconf 91' lang='lat' dir='ltr'><strong>qni·</strong></span> 
     </span>
     <span class='ocr_line' id='line_1_29' title="bbox 107 2619 1109 2700; baseline -0.003 -20"><span class='ocrx_word' id='word_1_214' title='bbox 107 2620 160 2680; x_wconf 89' lang='lat' dir='ltr'><strong>bus</strong></span> <span class='ocrx_word' id='word_1_215' title='bbox 182 2619 320 2680; x_wconf 89' lang='lat' dir='ltr'><strong>detractis</strong></span> <span class='ocrx_word' id='word_1_216' title='bbox 342 2621 419 2680; x_wconf 90' lang='lat' dir='ltr'><strong>iacet</strong></span> <span class='ocrx_word' id='word_1_217' title='bbox 444 2629 474 2680; x_wconf 93' lang='lat' dir='ltr'><strong>et</strong></span> <span class='ocrx_word' id='word_1_218' title='bbox 496 2621 578 2680; x_wconf 86' lang='lat' dir='ltr'><strong>velut</strong></span> <span class='ocrx_word' id='word_1_219' title='bbox 607 2622 734 2698; x_wconf 82' lang='lat' dir='ltr'><strong>agitante</strong></span> <span class='ocrx_word' id='word_1_220' title='bbox 757 2636 863 2700; x_wconf 91' lang='lat' dir='ltr'><strong>corpus</strong></span> <span class='ocrx_word' id='word_1_221' title='bbox 891 2621 993 2699; x_wconf 89' lang='lat' dir='ltr'><strong>spiritu</strong></span> <span class='ocrx_word' id='word_1_222' title='bbox 1019 2627 1109 2680; x_wconf 88' lang='lat' dir='ltr'><strong>caret.</strong></span> 
     </span>
    </p>

    <p class='ocr_par' dir='ltr' id='par_1_7' title="bbox 80 2702 1113 3117">
     <span class='ocr_line' id='line_1_30' title="bbox 80 2702 1111 2783; baseline 0.001 -21"><span class='ocrx_word' id='word_1_223' title='bbox 80 2703 190 2777; x_wconf 70' lang='lat' dir='ltr'><strong>sonae</strong></span> <span class='ocrx_word' id='word_1_224' title='bbox 213 2722 277 2763; x_wconf 90' lang='lat' dir='ltr'><strong>cum</strong></span> <span class='ocrx_word' id='word_1_225' title='bbox 298 2703 404 2770; x_wconf 88' lang='lat' dir='ltr'><strong>adesse</strong></span> <span class='ocrx_word' id='word_1_226' title='bbox 426 2703 550 2780; x_wconf 89' lang='lat' dir='ltr'><strong>debent,</strong></span> <span class='ocrx_word' id='word_1_227' title='bbox 579 2713 637 2764; x_wconf 93' lang='lat' dir='ltr'><strong>tnm</strong></span> <span class='ocrx_word' id='word_1_228' title='bbox 659 2704 948 2783; x_wconf 79' lang='lat' dir='ltr'><strong>disponendamque</strong></span> <span class='ocrx_word' id='word_1_229' title='bbox 973 2702 1111 2764; x_wconf 85' lang='lat' dir='ltr'><strong>varianda</strong></span> 
     </span>
     <span class='ocr_line' id='line_1_31' title="bbox 107 2786 1111 2867; baseline 0.001 -21"><span class='ocrx_word' id='word_1_230' title='bbox 107 2796 183 2864; x_wconf 89' lang='lat' dir='ltr'><strong>suut,</strong></span> <span class='ocrx_word' id='word_1_231' title='bbox 199 2796 229 2846; x_wconf 91' lang='lat' dir='ltr'><strong>ut</strong></span> <span class='ocrx_word' id='word_1_232' title='bbox 247 2786 417 2863; x_wconf 91' lang='lat' dir='ltr'><strong>auditorem,</strong></span> <span class='ocrx_word' id='word_1_233' title='bbox 435 2787 512 2867; x_wconf 92' lang='lat' dir='ltr'><strong>quod</strong></span> <span class='ocrx_word' id='word_1_234' title='bbox 531 2789 559 2846; x_wconf 94' lang='lat' dir='ltr'><strong>in</strong></span> <span class='ocrx_word' id='word_1_235' title='bbox 574 2788 677 2849; x_wconf 89' lang='lat' dir='ltr'><strong>iidibus</strong></span> <span class='ocrx_word' id='word_1_236' title='bbox 700 2787 763 2848; x_wconf 89' lang='lat' dir='ltr'><strong>lieri</strong></span> <span class='ocrx_word' id='word_1_237' title='bbox 777 2788 925 2864; x_wconf 82' lang='lat' dir='ltr'><strong>videmus,</strong></span> <span class='ocrx_word' id='word_1_238' title='bbox 944 2789 1020 2847; x_wconf 90' lang='lat' dir='ltr'><strong>omni</strong></span> <span class='ocrx_word' id='word_1_239' title='bbox 1038 2802 1111 2848; x_wconf 88' lang='lat' dir='ltr'><strong>sono</strong></span> 
     </span>
     <span class='ocr_line' id='line_1_32' title="bbox 107 2869 1113 2952; baseline 0 -22"><span class='ocrx_word' id='word_1_240' title='bbox 107 2871 260 2931; x_wconf 89' lang='lat' dir='ltr'><strong>mulceant.</strong></span> <span class='ocrx_word' id='word_1_241' title='bbox 288 2869 396 2930; x_wconf 88' lang='lat' dir='ltr'><strong>Verum</strong></span> <span class='ocrx_word' id='word_1_242' title='bbox 411 2889 446 2932; x_wconf 90' lang='lat' dir='ltr'><strong>ea</strong></span> <span class='ocrx_word' id='word_1_243' title='bbox 467 2872 637 2952; x_wconf 88' lang='lat' dir='ltr'><strong>plerumque</strong></span> <span class='ocrx_word' id='word_1_244' title='bbox 655 2881 736 2932; x_wconf 88' lang='lat' dir='ltr'><strong>recta</strong></span> <span class='ocrx_word' id='word_1_245' title='bbox 752 2881 817 2932; x_wconf 92' lang='lat' dir='ltr'><strong>sunt</strong></span> <span class='ocrx_word' id='word_1_246' title='bbox 835 2890 891 2932; x_wconf 89' lang='lat' dir='ltr'><strong>nec</strong></span> <span class='ocrx_word' id='word_1_247' title='bbox 909 2889 941 2930; x_wconf 90' lang='lat' dir='ltr'><strong>se</strong></span> <span class='ocrx_word' id='word_1_248' title='bbox 958 2871 1069 2949; x_wconf 77' lang='lat' dir='ltr'><strong>fingunt</strong></span> <span class='ocrx_word' id='word_1_249' title='bbox 1083 2878 1113 2931; x_wconf 92' lang='lat' dir='ltr'><strong>et</strong></span> 
     </span>
     <span class='ocr_line' id='line_1_33' title="bbox 108 2953 1113 3034; baseline 0 -20"><span class='ocrx_word' id='word_1_250' title='bbox 108 2955 289 3014; x_wconf 81' lang='lat' dir='ltr'><strong>confitentur.</strong></span> <span class='ocrx_word' id='word_1_251' title='bbox 323 2954 482 3015; x_wconf 84' lang='lat' dir='ltr'><strong>Admittunt</strong></span> <span class='ocrx_word' id='word_1_252' title='bbox 497 2965 609 3032; x_wconf 89' lang='lat' dir='ltr'><strong>autem,</strong></span> <span class='ocrx_word' id='word_1_253' title='bbox 627 2965 658 3016; x_wconf 94' lang='lat' dir='ltr'><strong>ut</strong></span> <span class='ocrx_word' id='word_1_254' title='bbox 673 2956 747 3032; x_wconf 93' lang='lat' dir='ltr'><strong>dixi,</strong></span> <span class='ocrx_word' id='word_1_255' title='bbox 764 2955 892 3034; x_wconf 81' lang='lat' dir='ltr'><strong>ligures,</strong></span> <span class='ocrx_word' id='word_1_256' title='bbox 915 2956 993 3034; x_wconf 90' lang='lat' dir='ltr'><strong>qnod</strong></span> <span class='ocrx_word' id='word_1_257' title='bbox 1010 2953 1113 3015; x_wconf 83' lang='lat' dir='ltr'><strong>velex</strong></span> 
     </span>
     <span class='ocr_line' id='line_1_34' title="bbox 106 3038 498 3117; baseline 0.005 -20"><span class='ocrx_word' id='word_1_258' title='bbox 106 3040 238 3117; x_wconf 86' lang='lat' dir='ltr'><strong>proxima</strong></span> <span class='ocrx_word' id='word_1_259' title='bbox 253 3038 353 3098; x_wconf 89' lang='lat' dir='ltr'><strong>doceri</strong></span> <span class='ocrx_word' id='word_1_260' title='bbox 370 3047 477 3117; x_wconf 88' lang='lat' dir='ltr'><strong>potest.</strong></span> <span class='ocrx_word' id='word_1_261' title='bbox 494 3078 498 3085; x_wconf 91' lang='lat'>-</span> 
     </span>
    </p>

    <p class='ocr_par' dir='ltr' id='par_1_8' title="bbox 79 3121 1113 3538">
     <span class='ocr_line' id='line_1_35' title="bbox 79 3121 1112 3223; baseline -0.003 -39"><span class='ocrx_word' id='word_1_262' title='bbox 79 3130 96 3184; x_wconf 79' lang='lat'><strong>6</strong></span> <span class='ocrx_word' id='word_1_263' title='bbox 192 3121 266 3196; x_wconf 85' lang='lat' dir='ltr'><strong>Quid</strong></span> <span class='ocrx_word' id='word_1_264' title='bbox 277 3123 353 3182; x_wconf 87' lang='lat' dir='ltr'><strong>enim</strong></span> <span class='ocrx_word' id='word_1_265' title='bbox 364 3131 421 3182; x_wconf 87' lang='lat' dir='ltr'><strong>tam</strong></span> <span class='ocrx_word' id='word_1_266' title='bbox 433 3139 582 3184; x_wconf 86' lang='lat' dir='ltr'><strong>commune</strong></span> <span class='ocrx_word' id='word_1_267' title='bbox 600 3141 685 3223; x_wconf 84' lang='lat' dir='ltr'><strong>quum</strong></span> <span class='ocrx_word' id='word_1_268' title='bbox 701 3127 950 3201; x_wconf 80' lang='lat' dir='ltr'><strong>interrogare</strong></span> <span class='ocrx_word' id='word_1_269' title='bbox 961 3123 1011 3184; x_wconf 83' lang='lat' dir='ltr'><strong>vel</strong></span> <span class='ocrx_word' id='word_1_270' title='bbox 1028 3140 1112 3201; x_wconf 90' lang='lat' dir='ltr'><strong>per·</strong></span> 
     </span>
     <span class='ocr_line' id='line_1_36' title="bbox 109 3203 1113 3287; baseline -0.001 -21"><span class='ocrx_word' id='word_1_271' title='bbox 109 3203 277 3266; x_wconf 80' lang='lat' dir='ltr'><strong>contari?</strong></span> <span class='ocrx_word' id='word_1_272' title='bbox 322 3205 394 3267; x_wconf 86' lang='lat' dir='ltr'><strong>Nam</strong></span> <span class='ocrx_word' id='word_1_273' title='bbox 421 3216 546 3286; x_wconf 89' lang='lat' dir='ltr'><strong>utroque</strong></span> <span class='ocrx_word' id='word_1_274' title='bbox 573 3209 678 3268; x_wconf 90' lang='lat' dir='ltr'><strong>utimur</strong></span> <span class='ocrx_word' id='word_1_275' title='bbox 707 3208 920 3284; x_wconf 81' lang='lat' dir='ltr'><strong>indifferenter,</strong></span> <span class='ocrx_word' id='word_1_276' title='bbox 949 3223 1113 3287; x_wconf 82' lang='lat' dir='ltr'><strong>quanquam</strong></span> 
     </span>
     <span class='ocr_line' id='line_1_37' title="bbox 108 3289 1110 3370; baseline -0.003 -19"><span class='ocrx_word' id='word_1_277' title='bbox 108 3289 230 3351; x_wconf 89' lang='lat' dir='ltr'><strong>alterum</strong></span> <span class='ocrx_word' id='word_1_278' title='bbox 251 3291 391 3351; x_wconf 90' lang='lat' dir='ltr'><strong>noscendi</strong></span> <span class='ocrx_word' id='word_1_279' title='bbox 413 3291 534 3351; x_wconf 88' lang='lat' dir='ltr'><strong>alterum</strong></span> <span class='ocrx_word' id='word_1_280' title='bbox 558 3292 697 3369; x_wconf 77' lang='lat' dir='ltr'><strong>arguendi</strong></span> <span class='ocrx_word' id='word_1_281' title='bbox 721 3294 814 3370; x_wconf 80' lang='lat' dir='ltr'><strong>gratia</strong></span> <span class='ocrx_word' id='word_1_282' title='bbox 835 3292 949 3352; x_wconf 87' lang='lat' dir='ltr'><strong>videtur</strong></span> <span class='ocrx_word' id='word_1_283' title='bbox 969 3289 1110 3352; x_wconf 85' lang='lat' dir='ltr'><strong>adhiberi.</strong></span> 
     </span>
     <span class='ocr_line' id='line_1_38' title="bbox 109 3360 1113 3454; baseline 0 -21"><span class='ocrx_word' id='word_1_284' title='bbox 109 3372 147 3433; x_wconf 77' lang='lat' dir='ltr'><strong>dt</strong></span> <span class='ocrx_word' id='word_1_285' title='bbox 165 3392 211 3434; x_wconf 87' lang='lat' dir='ltr'><strong>ea</strong></span> <span class='ocrx_word' id='word_1_286' title='bbox 215 3392 282 3450; x_wconf 90' lang='lat' dir='ltr'><strong>res,</strong></span> <span class='ocrx_word' id='word_1_287' title='bbox 302 3383 483 3453; x_wconf 88' lang='lat' dir='ltr'><strong>utrocunque</strong></span> <span class='ocrx_word' id='word_1_288' title='bbox 499 3373 603 3435; x_wconf 91' lang='lat' dir='ltr'><strong>dicitur</strong></span> <span class='ocrx_word' id='word_1_289' title='bbox 619 3375 721 3451; x_wconf 92' lang='lat' dir='ltr'><strong>modo,</strong></span> <span class='ocrx_word' id='word_1_290' title='bbox 744 3377 830 3436; x_wconf 89' lang='lat' dir='ltr'><strong>etiam</strong></span> <span class='ocrx_word' id='word_1_291' title='bbox 850 3374 1005 3454; x_wconf 86' lang='lat' dir='ltr'><strong>multiplex</strong></span> <span class='ocrx_word' id='word_1_292' title='bbox 1024 3360 1113 3434; x_wconf 79' lang='lat' dir='ltr'><strong>uiuet</strong></span> 
     </span>
     <span class='ocr_line' id='line_1_39' title="bbox 108 3419 1111 3538; baseline 0.001 -20"><span class='ocrx_word' id='word_1_293' title='bbox 108 3457 235 3519; x_wconf 86' lang='lat' dir='ltr'><strong>schema.</strong></span> <span class='ocrx_word' id='word_1_294' title='bbox 267 3419 439 3537; x_wconf 88' lang='lat' dir='ltr'><strong>Incipiamus</strong></span> <span class='ocrx_word' id='word_1_295' title='bbox 456 3459 531 3517; x_wconf 90' lang='lat' dir='ltr'><strong>enim</strong></span> <span class='ocrx_word' id='word_1_296' title='bbox 546 3457 617 3518; x_wconf 64' lang='grc' dir='ltr'>αι’·</span> <span class='ocrx_word' id='word_1_297' title='bbox 598 3477 650 3535; x_wconf 90' lang='lat' dir='ltr'><strong>us,</strong></span> <span class='ocrx_word' id='word_1_298' title='bbox 675 3421 778 3538; x_wconf 81' lang='lat' dir='ltr'><strong>quibus</strong></span> <span class='ocrx_word' id='word_1_299' title='bbox 795 3462 891 3520; x_wconf 92' lang='lat' dir='ltr'><strong>acrior</strong></span> <span class='ocrx_word' id='word_1_300' title='bbox 906 3477 941 3521; x_wconf 88' lang='lat' dir='ltr'><strong>ac</strong></span> <span class='ocrx_word' id='word_1_301' title='bbox 955 3457 1111 3519; x_wconf 81' lang='lat' dir='ltr'><strong>vehemen-</strong></span> 
     </span>
    </p>
   </div>
   <div class='ocr_carea' id='block_1_4' title="bbox 0 0 1212 3854">
    <p class='ocr_par' dir='ltr' id='par_1_9' title="bbox 0 0 1212 3854">
     <span class='ocr_line' id='line_1_40' title="bbox 0 0 1212 3854; baseline 0 0"><span class='ocrx_word' id='word_1_302' title='bbox 0 0 1212 3854; x_wconf 95' lang='lat' dir='ltr'><strong> </strong></span> 
     </span>
    </p>
   </div>
  </div>
 </body>
</html>
