2408 3854
148 195 188 256 20
465 208 501 255 rr.
519 207 833 266 nnn.qn1un1n1au1

148 364 220 423 certi
237 361 385 422 adulterii:
409 357 543 422 llooerc
558 363 639 423 άοοοο·
651 363 776 423 iooeoto
790 371 880 432 suot·
894 366 1045 444 peccunia,
1066 367 1151 428 cuiun

106 454 255 511 wooctor
268 465 329 507 ooo
343 452 445 514 eccon·
467 446 617 522 codicilli,
644 446 769 507 dubium
789 448 834 508 od
857 464 945 525 qoem
965 450 1088 528 scripti.
1122 448 1151 510 ln

147 530 223 590 lalso
239 546 355 609 quoque
376 529 449 588 ratio
466 529 583 605 similis,
602 538 650 589 aut
668 530 742 588 enim
759 529 859 608 plnres
873 533 902 590 in
918 531 1032 611 culpam
1046 549 1151 594 vocan-

147 624 193 674 tur
207 623 255 674 ant
277 631 358 673 unus.
398 611 437 672 Et
457 614 584 692 scriptor
605 612 720 692 quidem
741 630 859 692 semper
880 616 953 675 tueri
975 618 1152 693 signatorem
1196 688 1198 695 Ι

147 715 272 758 necesse
287 696 390 772 habet,
407 699 538 774 signator
555 698 727 775 scriptorem
746 714 804 757 non
821 716 954 777 semper,
974 717 1040 759 nam
1057 709 1089 759 et
1105 700 1152 761 de·
1196 716 1198 783 p

148 783 205 860 cipi
221 783 324 860 potnit.
360 779 389 841 ls
408 789 518 858 autem,
542 782 590 861 qni
613 781 667 841 hos
690 780 856 842 adhibuisse
878 792 907 842 et
931 785 976 843 cui
998 783 1026 843 id
1046 783 1153 844 lactum

147 867 268 940 dicitur,
294 874 324 925 et
348 866 520 944 scriptorem
543 874 572 925 et
593 866 758 942 signatores
779 865 926 928 delendct.
963 866 1054 927 lidem
1070 884 1152 946 argu·

146 958 306 1009 mentorum
329 949 388 1009 loci
409 950 439 1008 in
454 950 551 1010 causis
572 948 744 1028 proditionis
763 958 792 1009 et
808 950 961 1012 affectatae
983 951 1152 1026 tyrannidis.

105 1048 140 1101 54
230 1033 339 1093 Verum
354 1032 405 1093 illa
422 1032 587 1093 scholarum
604 1034 784 1094 consuetudo
801 1035 881 1093 ituris
900 1037 929 1095 in
946 1035 1040 1094 lorum
1055 1044 1154 1114 potest

148 1134 273 1193 nocere,
291 1117 370 1194 quod
385 1119 495 1193 omnia,
513 1135 588 1195 quae
609 1118 638 1176 in
660 1117 787 1178 themate
808 1134 867 1177 non
888 1128 970 1195 sunt,
991 1135 1045 1197 pro
1070 1118 1153 1181 nohis

148 1201 286 1261 ducimus.
321 1199 501 1261 Adulterium
518 1200 634 1269 obiicis;
652 1203 843 1280 quieteotial
858 1203 1058 1281 pantoleo?
1074 1204 1154 1282 qood

144 1286 299 1363 pretium?
314 1287 384 1364 quis
399 1287 565 1346 consocios?
578 1284 742 1353 Venenum
759 1286 812 1348 uhi
828 1289 909 1348 coci?
924 1306 945 1349 o
960 1289 1042 1366 quoi
1059 1303 1154 1366 quoo-

148 1371 209 1431 do?
229 1370 361 1446 quanti?
372 1386 433 1447 por
448 1385 536 1446 quem
552 1369 649 1430 dodi?
666 1369 722 1429 Pro
738 1386 791 1429 reo
809 1370 966 1445 tyrannidis
982 1371 1151 1437 affectatae:
1195 1384 1198 1391 '

104 1454 199 1519 sucos·
212 1461 284 1514 sum
298 1454 412 1514 ormo?
433 1470 509 1532 quoe
529 1456 671 1514 controoi
682 1455 851 1517 satellites?
865 1453 968 1533 Neque
984 1454 1061 1515 haee
1078 1470 1153 1533 nego

148 1554 216 1595 esse
234 1536 375 1612 dicenda,
399 1546 428 1596 et
443 1538 514 1615 ipsis
529 1537 664 1597 utendum
680 1553 734 1615 pro
752 1545 834 1616 parte
851 1548 999 1618 suscepta.
1036 1537 1113 1599 Nam
1126 1546 1153 1599 et

147 1620 282 1695 inloto,
306 1621 419 1699 quando
446 1621 629 1682 adversarius
658 1620 784 1699 probare
805 1638 863 1681 non
888 1624 1013 1702 poterit,
1040 1622 1152 1683 desiit·

146 1703 228 1764 raho.
260 1705 319 1765 Sed
337 1707 365 1764 in
385 1705 451 1765 loro
472 1713 578 1765 tantam
602 1704 679 1765 illam
702 1704 872 1765 facilitatem
889 1706 958 1766 olim
975 1705 1152 1767 desiderori-

147 1806 226 1864 mus,
249 1788 298 1849 ubi
317 1806 375 1849 non
398 1789 462 1850 fere
486 1806 574 1849 cansa
596 1791 706 1865 agitur,
723 1797 758 1869 ut
780 1805 837 1848 non
858 1790 966 1869 aliquid
988 1791 1027 1850 'ex
1043 1788 1091 1850 his
1108 1796 1153 1850 snt

105 1873 230 1952 55plura
251 1883 402 1951 ponantur.
441 1873 514 1933 Huic
536 1872 629 1932 simile
652 1880 713 1948 est,
736 1873 814 1951 quod
835 1874 864 1932 in
886 1873 1012 1953 epilogis
1028 1874 1151 1953 quidum

147 1955 250 2035 quibus
278 1958 396 2033 volunt,
423 1956 551 2034 liberos,
581 1964 734 2036 parentes,
761 1959 888 2016 nutrices
919 1957 1151 2025 accommodante

148 2042 202 2100 nisi
218 2041 296 2120 quod
317 2043 408 2118 magis
431 2043 617 2101 concesseris
634 2057 686 2115 ea,
709 2057 784 2118 quae
801 2057 859 2100 non
876 2044 932 2101 sint
948 2042 1061 2121 posita,
1079 2041 1151 2101 desi

148 2124 253 2184 derare
270 2143 354 2203 quam
369 2124 507 2184 adiicere.

232 2207 278 2267 De
304 2209 397 2268 animo
422 2207 569 2286 quomodo
583 2216 765 2286 quaeratur,
791 2209 861 2268 satis
882 2207 988 2267 dictum
1010 2217 1072 2284 est,
1092 2226 1151 2269 cun

148 2292 186 2350 ita
209 2291 406 2367 diviserimus,
425 2290 471 2351 An
486 2287 635 2351 voluerit?
657 2310 692 2351 an
707 2288 855 2372 potnerit?
879 2308 915 2351 an
935 2288 1062 2351 lecerit?
1085 2290 1152 2353 Nam

148 2392 204 2452 qua
224 2376 272 2434 via
295 2384 451 2450 tractatur,
473 2393 509 2435 an
532 2374 672 2435 voluerit:
696 2375 814 2451 eedem,
836 2392 894 2455 quo
917 2376 1011 2436 auimo
1035 2375 1151 2443 iecerit:

106 2462 138 2517 tl
148 2459 176 2518 id
192 2459 266 2518 enim
284 2468 346 2535 est,
369 2459 415 2520 An
434 2459 510 2520 male
534 2459 633 2519 lacere
653 2460 788 2520 voluerit.
823 2457 901 2519 Ordo
924 2476 1042 2538 qnoque
1059 2476 1161 2521 rernm.

148 2551 197 2602 aut
212 2543 297 2603 aliert
314 2553 362 2604 aut
381 2543 506 2604 detrahit
521 2543 620 2612 lidem;
639 2544 727 2604 multo
743 2543 858 2603 scilicet
872 2545 982 2621 magis,
1005 2561 1055 2604 res
1071 2546 1154 2624 proni

149 2636 310 2705 congruunt
331 2636 379 2688 ant
406 2635 577 2708 repugnant.
616 2627 675 2687 Sed
697 2627 770 2687 haee
792 2627 847 2686 nisi
868 2628 896 2686 in
917 2629 982 2706 ipso
1000 2627 1153 2708 complexo

148 2728 299 2771 causarum
321 2728 379 2772 non
402 2711 665 2791 deprehenduntur.
697 2710 900 2784 Quaerendum
915 2721 1011 2772 tamen
1027 2728 1152 2791 semper,

149 2795 217 2872 quid
234 2796 340 2874 cuique
358 2804 551 2857 connectatur
567 2803 597 2855 ct
612 2794 680 2874 quid
701 2797 873 2855 consentiat.

536 2947 579 2998 DE
598 2945 770 2998 FINlTlONE.

232 3045 282 3106 111.
306 3046 443 3124 Sequitur
459 3047 654 3106 coniecturam
677 3045 815 3105 linitio.
848 3044 936 3120 Nam,
956 3046 1004 3124 qni
1019 3062 1079 3104 non
1094 3052 1154 3124 pot·

148 3140 195 3190 est
212 3130 312 3190 dicere
329 3129 399 3190 nihil
417 3130 542 3205 iecisse,
560 3130 721 3209 proximum
736 3128 871 3205 habebit,
887 3139 918 3189 ut
934 3130 1027 3204 dieat,
1053 3126 1157 3189 nonid

148 3215 274 3290 iecisse,
290 3213 369 3294 quod
384 3213 545 3274 obiiciatur.
581 3213 683 3292 ltaque
697 3213 828 3293 pluribus
844 3213 960 3291 legibus
976 3213 1081 3273 iisdem
1098 3211 1155 3293 qni·

148 3298 203 3358 hus
220 3299 388 3359 coniectura
409 3306 558 3375 versatur,
583 3298 763 3358 defensionis
779 3306 886 3358 tantum
902 3315 1014 3374 genere
1029 3306 1155 3358 mutato:

150 3391 180 3440 nt
196 3383 225 3440 in
240 3382 343 3460 lurtis,
361 3382 518 3462 depositis,
535 3381 694 3442 adulteriis.
728 3381 817 3458 Nam,
833 3380 1075 3461 quemadmodum
1088 3380 1155 3443 diei·

150 3484 229 3539 mus,
248 3463 315 3527 Noc
327 3465 538 3544 fecilentum,
553 3485 614 3528 ooo
624 3467 734 3546 occepi
746 3467 933 3546 depositum,
946 3485 1007 3528 ooo
1022 3463 1157 3529 comanti

76 3568 154 3636 ἱ
