2408 3854
327 196 417 246 nasu.
432 196 809 260 ousuou.u1a.xu1,10.,
1014 183 1074 250 269

74 363 123 417 aut
146 354 248 416 alienis
268 349 383 426 uerbis,
410 367 473 410 cum
496 368 549 412 sue
570 352 675 430 cuique
697 353 754 412 sint
776 354 923 431 assignata
941 351 1076 416 uomiua‘l

74 437 208 517 Denique
229 436 456 514 antiquissimum
473 453 618 514 quemque
635 437 759 496 maxime
775 437 932 497 secundum
948 447 1119 503 naturamtb

75 523 185 585 dixisse
203 519 394 583 contendunt:
416 535 485 579 mox
506 521 602 598 poetis
621 519 777 580 similiores
794 522 942 598 extitisse,
966 523 1076 582 etiamsi

73 607 207 686 parcius,
236 603 321 663 simili
344 610 441 662 temen
465 605 594 680 ratione,
621 604 695 664 ialsa
723 613 752 664 et
777 606 935 684 impropria
955 607 1076 666 uirtutes

74 690 225 750 ducentes.
255 685 318 760 Qua
332 686 361 746 in
375 686 569 764 disputatione
583 688 712 749 nonnihil
725 690 788 748 veri
806 698 861 766 est,
877 689 1005 769 ideoque
1020 706 1078 749 nou

74 783 132 834 tam
152 771 273 851 procul,
297 787 381 849 quam
401 769 433 830 lit
454 770 674 850 aquibusdam,
701 773 936 849 recedenduma
951 774 1077 852 propriis

74 866 162 935 atque
179 853 385 918 communibus.
419 854 450 914 si
466 856 531 933 quis
546 863 657 930 tamen,
679 859 753 917 utin
774 857 842 917 loco
859 858 917 919 dixi
934 858 1120 936 composi-43

74 941 178 1015 tionis,
201 939 237 1000 ad
252 938 437 1013 necessaria,
453 938 557 1017 quibus
574 939 644 1000 nihil
660 941 752 1000 minus
769 950 830 1018 est,
852 941 961 1021 aliquid
976 941 1079 1002 melius

74 1026 231 1086 adiecerit:
253 1021 311 1083 nou
328 1024 382 1082 erit
396 1022 451 1083 bac
467 1021 609 1083 calumnia
625 1024 892 1103 reprehendendus.
924 1024 997 1085 Nam
1011 1024 1079 1084 mibi

74 1108 160 1170 aliam
176 1107 317 1187 quandum
335 1106 449 1166 videtur
465 1106 575 1167 babere
594 1116 722 1167 naturam
737 1126 834 1169 sermo
850 1109 980 1186 vulgaris
995 1109 1079 1168 aliam

73 1194 128 1252 viri
144 1193 311 1271 eloquentis
329 1192 437 1259 oratio:
467 1192 513 1251 cui
528 1193 554 1251 si
570 1210 619 1252 res
639 1192 726 1252 modo
748 1193 876 1253 iudicare
895 1193 965 1252 satis
983 1199 1078 1252 esset:

74 1277 145 1337 nibil
167 1277 242 1338 ultra
258 1274 414 1336 verborum
432 1277 642 1355 proprietatem
667 1276 848 1345 elaborarem
871 1275 924 1335 sed
945 1294 1009 1336 cum
1029 1274 1079 1335 de·

74 1360 144 1421 beat
162 1360 328 1435 delectare,
351 1376 487 1435 movere,
510 1362 540 1420 in
562 1359 699 1439 plurimes
716 1363 838 1421 animum
854 1360 996 1420 audientis
1012 1375 1079 1438 spe·

76 1446 137 1505 cies
153 1439 323 1522 impellere:
352 1452 449 1503 utetur
467 1443 512 1504 bis
534 1461 651 1522 quoque
672 1444 838 1520 adiutoriis,
866 1461 941 1523 quae
964 1441 1081 1503 suntab

76 1528 178 1589 eadem
193 1527 277 1587 nobis
294 1543 437 1588 concessa
452 1537 562 1588 natura.
593 1527 665 1589 Nam
680 1538 710 1589 et
725 1529 854 1590 lacertos
869 1528 1122 1588 exercitationett

76 1612 279 1687 constringere
303 1620 332 1670 et
358 1628 468 1687 augere
489 1613 569 1671 vires
591 1621 621 1673 et
642 1612 773 1673 colorem
793 1612 926 1688 trahere,
948 1610 1080 1672 naturale

77 1705 131 1755 cst.
163 1694 294 1774 Ideoque
310 1696 338 1754 in
354 1693 486 1754 omnibus
503 1694 639 1772 gentibus
661 1695 734 1756 alius
751 1697 808 1757 alio
826 1696 978 1756 facundior
991 1693 1080 1754 babe-

77 1789 123 1839 tur
139 1788 168 1839 et
184 1778 331 1858 loquendo
348 1778 441 1838 dulcis
456 1781 558 1863 magis.
593 1777 678 1852 Quod
693 1781 718 1838 si
733 1797 791 1839 non
810 1781 957 1839 eveniret:
980 1795 1080 1838 omnes

77 1881 163 1942 pares
180 1870 290 1938 essent,
308 1871 337 1922 et
349 1861 426 1921 idem
440 1878 540 1922 omues
556 1863 690 1931 deceret;
707 1872 735 1923 at
752 1863 907 1942 loquuntur
919 1871 949 1921 et
965 1870 1081 1922 seruant

78 1964 267 2025 personarum
283 1946 447 2006 discrimen.
474 1945 528 2022 lta,
545 1965 602 2025 quo
620 1948 742 2025 quisque
760 1947 826 2026 plus
843 1946 934 2006 eiboit
945 1944 1080 2021 dicendo,

76 2030 134 2091 boc
149 2031 240 2107 magis
257 2029 415 2090 secuudum
432 2039 560 2092 naturam
577 2031 762 2110 eloquentiae
778 2030 858 2091 dicit.
896 2028 1124 2109 Quaproptertb

76 2132 113 2173 ne
131 2114 189 2175 illis
208 2115 323 2192 quidem
339 2114 453 2175 nimium
469 2132 619 2193 repugno,
637 2117 685 2194 qui
700 2115 823 2177 dandum
840 2122 940 2194 putant
955 2113 1083 2175 nonnihil

77 2201 164 2258 etiam
187 2197 368 2277 temporibus
392 2207 480 2277 etque
506 2199 622 2260 auribus
646 2200 762 2260 nitidius
779 2198 889 2281 aliquid
905 2207 992 2278 atque
1012 2198 1082 2258 elie·

78 2284 150 2343 ctius
178 2281 401 2360 postulantibus.
437 2282 540 2363 ltaque
565 2301 623 2344 non
648 2283 742 2343 solum
769 2284 804 2344 ad
830 2285 946 2362 priores
971 2280 1082 2342 Getone

77 2365 278 2445 Gracchisque
296 2366 349 2427 sed
372 2385 409 2426 ne
425 2367 461 2427 ad
482 2367 535 2427 bos
556 2368 672 2447 quidem
696 2370 777 2447 ipsos
800 2377 947 2428 oratorem
962 2366 1083 2445 alligen-

77 2449 143 2522 dum
162 2459 243 2528 puto.
274 2450 372 2528 Atque
386 2451 415 2512 id
430 2451 540 2511 iecisse
557 2448 597 2512 bi.
611 2451 735 2513 'l'ullium
749 2451 847 2527 video,
865 2460 895 2511 ut
909 2469 973 2511 cum
990 2452 1084 2510 omnia
1099 2468 1106 2476 ·

77 2533 193 2593 utilitati
204 2542 264 2592 tum
275 2544 387 2611 partem
400 2535 541 2612 quandam
553 2535 741 2596 delectationi
756 2535 853 2603 daret;
871 2552 936 2594 cum
947 2542 977 2594 et
990 2534 1084 2612 ipsam

78 2634 111 2676 se
126 2635 188 2676 rem
202 2632 293 2694 agere
308 2616 432 2693 diceret,
450 2627 553 2694 ageret
569 2628 664 2679 autem
679 2620 802 2680 maxime
817 2618 982 2695 litigatoris.
1013 2615 1086 2676 Nam

77 2701 135 2760 boc
153 2702 218 2778 ipso
234 2700 383 2779 proderat,
400 2701 479 2780 quod
494 2701 640 2779 placebat.
671 2702 718 2763 Ad
735 2702 816 2762 cuius
832 2701 1000 2780 voluptates
1016 2699 1127 2760 nihiltfi

77 2783 213 2864 equidem
229 2783 308 2862 quod
323 2785 389 2845 addi
405 2785 499 2863 possit
514 2786 646 2863 invenio,
663 2787 718 2847 nisi
733 2795 763 2846 ut
778 2803 882 2846 sensus
898 2802 952 2845 nos
970 2785 1086 2864 quidem

78 2868 206 2929 dicamus
223 2868 335 2948 plures.
372 2867 477 2949 Neque
500 2872 575 2930 enim
597 2885 655 2930 non
675 2871 737 2931 fieri
761 2877 859 2949 potest
883 2870 964 2930 salva
980 2877 1085 2930 tracta·

78 2954 158 3012 tione
178 2970 284 3014 causae
307 2961 337 3013 et
352 2953 467 3014 dicendi
489 2955 679 3031 auctoritate,
704 2955 729 3014 si
750 2971 808 3013 non
831 2954 935 3015 crebra
953 2955 1028 3015 baec
1042 2953 1085 3014 lu·

79 3037 154 3096 mina
174 3045 204 3098 et
227 3039 360 3099 continua
381 3038 488 3098 fuerint
509 3048 538 3099 et
555 3039 679 3099 inuicem
699 3038 861 3099 offecerint.
896 3038 956 3099 Sed
971 3056 1017 3098 me
1035 3038 1128 3098 lua-tl

80 3129 182 3180 cteuus
195 3122 348 3184 cedentem
361 3140 445 3183 nemo
458 3124 627 3203 insequatur
642 3123 726 3183 ultra.
746 3121 794 3182 Do
809 3125 946 3202 tempori,
963 3141 999 3182 ue
1011 3122 1085 3182 birta

79 3212 150 3281 toga
171 3207 224 3282 sit,
249 3223 307 3267 nou
331 3216 361 3267 ut
382 3209 493 3277 serica;
519 3226 556 3268 ne
578 3208 721 3268 intonsum
737 3216 839 3286 caput,
861 3224 920 3266 non
935 3208 963 3265 in
978 3204 1085 3284 gradus

80 3296 168 3367 atque
189 3289 291 3350 anulos
312 3301 472 3369 comptum
499 3310 563 3353 cum
587 3309 626 3352 co
643 3292 738 3370 quod,
761 3293 864 3358 sinon
887 3290 922 3350 ad
945 3288 1087 3350 luxuriam

80 3389 115 3431 ac
130 3371 277 3434 libidinem
292 3374 422 3453 referas,
447 3377 549 3439 eadem
565 3378 748 3455 speciosiora
772 3391 890 3453 quoque
912 3375 985 3450 siut,
1011 3391 1086 3453 quae

80 3455 259 3518 honestiora.
294 3456 430 3519 Ceterum
452 3459 524 3536 boc,
547 3459 626 3539 quod
648 3459 737 3536 vulgo
761 3459 984 3519 sententias
998 3461 1146 3512 anea-Q

1101 3564 1130 3576 A
