2408 3854
145 174 204 236 208
465 188 502 234 u.
515 185 593 233 unu.
608 186 829 244 cummium

145 353 174 404 et
197 343 279 422 pueri
301 343 412 417 statim,
439 349 470 400 ut
489 340 646 419 praecepi,
674 358 759 419 quam
785 340 907 418 plurima
933 340 1079 415 ediscant,
1112 349 1153 418 et,

146 444 335 507 quaecunque
359 433 440 485 aetas
463 441 582 502 operam
604 424 745 484 iuvandae
766 423 861 483 studio
884 426 1041 485 memoriae
1064 423 1153 501 dabit,

146 512 269 571 devoret
284 509 364 568 initio
379 508 505 568 taedium
518 508 590 568 illud
605 516 635 568 et
657 511 765 586 scripta
782 516 812 566 et
829 507 906 568 lecta
921 509 1039 587 saepius
1055 509 1154 569 revol-

145 595 231 654 vendi
249 601 279 652 et
299 594 381 672 quasi
398 591 520 651 eundem
542 591 638 652 cibum
655 590 850 653 remandendi.
882 590 968 664 Quod
986 592 1155 670 ipsumhoc

145 679 208 738 lieri
224 684 323 756 potest
337 676 446 750 levius,
472 677 497 734 si
512 693 606 754 pauca
623 677 744 754 primurn
760 683 789 735 et
805 692 881 753 quae
897 675 993 735 odium
1009 693 1067 734 non
1082 676 1154 751 alie·

143 770 207 823 rant
224 761 405 837 coeperimus
424 758 572 826 ediscere:
596 768 654 818 tum
671 758 778 819 cotidie
796 759 924 821 adiicere
939 759 1070 837 singulos
1086 778 1154 821 ver·

90 881 92 886 -
145 865 212 919 sus,
236 860 356 922 quorum
378 843 512 902 accessio
536 841 630 903 labori
645 860 761 902 sensum
783 843 952 902 incrementi
965 860 1024 902 non
1039 844 1153 920 alterat,

144 932 173 988 in
192 944 328 988 summam
347 925 384 985 ad
398 925 536 985 inlinitum
558 944 651 1004 usque
675 927 842 1006 perveniat;
872 935 901 986 et
921 927 1038 1004 poetica
1060 927 1151 1005 prius,

144 1021 203 1071 tum
226 1018 390 1086 oratorum,
418 1010 574 1070 novissime
596 1011 681 1070 etiam
702 1009 843 1070 solutiora
865 1011 990 1070 numeris
1009 1018 1040 1069 et
1059 1012 1152 1090 magis

106 1095 179 1157 {aab
193 1113 246 1155 usu
271 1094 386 1154 dicendi
402 1103 529 1169 remota,
554 1093 649 1172 qualia
667 1103 735 1153 sunt
751 1092 1031 1154 iurisconsultorum.
1069 1093 1152 1153 Dilli-

145 1180 246 1240 ciliora
270 1179 345 1238 enim
373 1177 481 1236 debent
505 1190 590 1253 esse,
625 1196 700 1256 quae
723 1186 880 1253 exercent,
911 1179 1030 1256 quasit
1058 1177 1153 1237 levius

144 1281 237 1342 ipsum
253 1261 340 1336 illud,
361 1263 389 1318 in
405 1260 482 1338 quod
499 1270 654 1321 exercent:
675 1271 706 1321 ut
721 1260 848 1320 athletae
866 1260 1043 1339 ponderibus
1059 1261 1152 1339 plum·

144 1347 207 1406 heis
223 1345 421 1406 assuefaciunt
436 1361 554 1420 manus,
571 1343 674 1422 quibus
689 1345 789 1405 uacuis
806 1353 835 1403 et
852 1344 934 1405 nudis
949 1346 978 1404 iu
994 1344 1153 1404 certamine

143 1429 279 1490 utendum
301 1436 355 1487 est.
397 1424 462 1486 Non
487 1430 614 1487 omittam
635 1430 738 1505 ctiam,
765 1427 845 1505 quod
863 1428 1014 1488 cotidianis
1036 1430 1152 1506 experi-

144 1514 246 1571 mentis
265 1510 506 1588 deprehenditur,
528 1513 641 1572 minime
659 1511 774 1571 fidelem
790 1530 857 1571 esse
872 1511 960 1590 paulo
977 1511 1152 1572 tardioribus

103 1596 268 1673 §tingeniis
279 1602 428 1654 recentem
439 1597 614 1655 memoriam.
641 1594 743 1655 Mirum
755 1596 832 1655 dictu
848 1604 893 1654 est
907 1613 961 1654 nec
975 1596 1004 1655 in
1015 1604 1152 1674 promptu

143 1680 233 1754 ratio,
263 1685 398 1757 quantum
419 1695 478 1738 nox
505 1680 676 1757 interposita
702 1679 804 1739 alienat
830 1679 988 1754 firmitatis,
1017 1679 1080 1738 sire
1106 1697 1152 1739 re·

146 1762 269 1841 quiescit
291 1760 375 1821 labor
396 1761 464 1839 ille,
488 1764 568 1822 cuius
590 1761 728 1840 sibiipsa
753 1763 885 1839 fatigatio
907 1761 1057 1837 obstabat,
1088 1763 1152 1822 sive

145 1847 335 1923 concoquitur
361 1864 414 1904 seu
439 1853 612 1921 maturatur,
638 1862 712 1925 quae
735 1847 894 1905 firmissima
922 1847 983 1905 eius
1003 1850 1071 1924 pars
1095 1856 1151 1921 est,

143 1928 325 1996 recordatio;
357 1947 431 2007 quae
456 1930 550 1988 statim
574 1929 678 1988 referri
701 1947 758 1989 non
781 1938 931 2007 poterant,
959 1937 1153 1990 contexuntur

144 2022 263 2091 postera
275 2013 333 2087 die,
351 2013 558 2091 confirmatque
574 2014 739 2073 memoriam
755 2014 831 2073 idem
846 2013 918 2073 illud
930 2021 1055 2092 tempus,
1072 2013 1151 2090 quod

103 2107 211 2160 44esse
233 2097 262 2155 in
283 2112 370 2155 causa
392 2095 469 2155 solet
497 2095 661 2156 oblivionis.
706 2097 799 2158 Etiam
823 2097 874 2157 illa
902 2096 1063 2175 praevelox
1086 2097 1152 2156 lere

146 2183 203 2239 cito
220 2179 328 2254 eilluit,
352 2187 396 2253 et,
416 2179 497 2238 velut
511 2182 659 2258 praesenti
684 2181 781 2241 cilicio
800 2180 897 2240 iuncta
914 2179 985 2240 nibil
1005 2182 1033 2239 in
1048 2188 1150 2259 poste·

143 2281 205 2321 rum
221 2261 341 2338 debeat,
365 2270 498 2341 tanquam
515 2263 633 2326 dimissa
652 2265 783 2325 discedit.
814 2263 877 2323 Nec
895 2273 940 2324 est
954 2265 1070 2340 miram,
1090 2280 1151 2323 rne-

143 2347 188 2421 gis
204 2345 326 2405 haerere
341 2347 433 2405 animo
450 2366 525 2424 quae
541 2349 645 2408 diutius
662 2347 749 2407 affixa
763 2349 828 2407 siut.

228 2427 273 2488 Ex
293 2428 347 2488 hac
371 2431 548 2506 ingeniorum
577 2432 743 2492 diversitate
765 2441 830 2492 neta
851 2431 989 2492 dubitatio
1013 2439 1077 2508 est,
1108 2431 1151 2491 ad

142 2513 292 2572 verbum
309 2514 356 2573 sit
378 2513 608 2574 ediscendum
629 2516 804 2591 dicturis,
829 2533 870 2576 an
889 2517 956 2575 vim
970 2514 1074 2574 modo
1092 2533 1150 2575 re-

143 2615 216 2656 rnm
237 2605 346 2675 atque
362 2598 524 2658 ordinem
541 2598 739 2677 complecti
760 2601 854 2659 satis
870 2601 934 2667 sit;
958 2599 994 2659 de
1012 2613 1069 2678 quo
1087 2600 1151 2657 sine

101 2679 227 2739 addubio
246 2697 303 2739 non
319 2690 416 2759 potest
437 2683 465 2740 in
486 2683 650 2742 universum
665 2684 852 2761 pronuntiari.
884 2681 956 2743 Nam
971 2684 996 2742 si
1010 2684 1152 2741 memoria

143 2763 332 2840 suffragatur,
355 2773 468 2842 tempus
483 2783 541 2824 non
556 2764 661 2826 defuit:
682 2767 762 2826 nulla
777 2765 924 2826 mavelim
943 2764 1056 2840 syllaba
1078 2765 1150 2824 edu·

142 2845 217 2919 giat;
240 2845 349 2924 alioqui
369 2849 453 2906 etiam
471 2849 602 2909 scrihere
618 2851 656 2911 sit
677 2868 898 2928 supervacuum.
928 2849 1019 2927 ldque
1035 2850 1150 2927 praeci·

142 2945 199 3004 pue
217 2945 232 2986 a
248 2932 346 3006 pueris
369 2929 569 3009 obtinendum,
598 2943 685 3012 atque
701 2936 729 2994 in
744 2935 819 2994 hanc
835 2932 1072 3012 cousuetudinem
1088 2950 1149 2992 me·

142 3011 232 3070 moria
250 3014 458 3074 exercitatione
475 3017 649 3094 redigenda,
670 3036 707 3076 ue
719 3017 802 3077 nobis
819 3019 962 3078 discamus
979 3018 1148 3094 ignoscere.

141 3091 270 3173 ldeoquc
287 3104 316 3154 et
333 3096 480 3158 admoneri
497 3108 526 3158 et
541 3101 577 3160 ad
593 3099 721 3160 libellum
736 3102 887 3181 respicere
904 3101 1051 3176 vitiosum,
1071 3099 1151 3178 quod

59 3215 64 3224 ·
143 3176 305 3238 libertatem
322 3180 518 3258 negligentiae
529 3182 615 3257 facit,
638 3201 694 3242 nec
712 3187 862 3264 quisquam
880 3203 913 3245 se
928 3202 1029 3263 parurn
1046 3192 1150 3243 tenere

102 3261 261 3338 adiudicat,
283 3263 375 3341 quod,
397 3283 433 3323 ue
451 3266 506 3324 sibi
521 3265 655 3342 excidat,
678 3285 735 3326 non
751 3270 841 3329 timet.
877 3267 948 3330 lndo
971 3268 1148 3346 interruptus

142 3345 264 3404 actionis
282 3347 405 3425 impetus
423 3357 452 3406 et
469 3350 610 3409 resistens
633 3368 668 3410 ac
684 3351 836 3414 salebrosa
855 3355 965 3421 oratio;
988 3360 1018 3411 et
1041 3351 1090 3430 qui
1108 3351 1150 3410 di·

143 3430 181 3487 cit
200 3427 341 3491 ediscenti
361 3430 477 3506 similis,
501 3433 587 3492 etiarn
609 3452 721 3495 ornnem
736 3435 812 3495 bene
835 3439 1008 3515 scriptorum
1024 3435 1150 3511 gratiam
