2408 3854
354 206 808 272 nisuonnronnrnvuffi.
1041 194 1083 259 37

247 343 257 405 ’
410 478 412 480 v
490 411 677 464 cocunouro.

160 527 239 590 Vlll.
259 528 507 606 syllogismus
523 528 611 588 habet
630 527 736 605 aliquid
752 527 846 587 simile
865 529 974 605 scripto
987 535 1017 588 et
1031 545 1082 589 vo·

76 611 193 690 luctati,
211 615 277 690 quia
292 630 409 690 semper
423 630 492 690 pars
507 614 536 671 in
551 630 587 672 eo
605 611 696 672 altera
712 613 822 689 scripto
832 613 947 681 nititur;⁴
961 612 1014 672 sed
1025 611 1083 674 lroc

75 698 217 770 interest,
246 697 323 775 quod
350 696 411 757 illic
432 696 537 758 dicitur
558 706 658 756 contra
680 697 818 773 scriptum
839 695 885 754 hio
903 714 990 774 supra
1010 698 1082 757 scri·

74 789 170 859 ptum;
187 780 265 857 illic,
283 783 331 859 qui
345 780 435 839 verba
450 780 597 857 defendit,
612 779 668 840 hoc
681 782 756 856 agit,
773 787 803 838 ut
813 780 862 838 liat
874 782 987 858 ntique,
1005 782 1083 859 quod

75 866 215 943 scriptum
230 873 289 933 est;
310 864 373 939 hic,
392 883 428 924 ne
445 863 537 940 aliud,
555 882 638 942 quarn
656 867 792 942 scripturn
810 873 863 922 est.
896 863 931 923 Ei
947 865 1083 926 nonnulla

77 950 164 1009 etiarn
179 966 243 1008 cum
259 949 387 1008 linitione
404 951 579 1008 coniunctio.
612 947 683 1007 Nam
701 966 807 1026 saepe,
824 951 848 1007 si
865 948 953 1007 finitio
974 950 1083 1010 infirma

76 1041 138 1109 est,
157 1034 187 1091 in
209 1032 410 1110 syllogismum
430 1032 583 1093 delabitur.
625 1033 668 1092 sn
683 1033 758 1091 enirn
776 1032 842 1091 lex:
867 1029 1009 1110 Venefica
1030 1052 1082 1095 ca·
1093 1048 1111 1102 2

72 1119 137 1198 pite
160 1118 319 1196 puniatur.
363 1116 466 1195 Saepe
486 1117 648 1179 recubanti
670 1117 853 1177 amatorium
874 1116 961 1178 dedit
968 1140 981 1186 ;
1008 1137 1083 1179 eurr-

76 1203 147 1264 dem
165 1202 361 1280 repudiari&
380 1221 438 1280 per
458 1203 649 1280 propinquos
666 1209 793 1280 reputa,
816 1207 850 1260 ut
869 1202 1002 1277 rediret,
1024 1221 1084 1264 non

74 1292 121 1348 aot
144 1303 295 1355 reuersa·
315 1287 475 1364 suspendit
497 1305 531 1347 oe
550 1287 692 1347 maritus.
734 1279 845 1344 Mulier
865 1284 1006 1362 veneficii
1027 1303 1084 1346 rea

75 1377 130 1432 cet.
174 1368 342 1430 Fortissimae
365 1379 410 1429 est
428 1371 503 1429 actio
520 1370 642 1430 dicentis
658 1369 824 1428 amatorium
846 1386 988 1428 venenum
1004 1387 1082 1430 esso.

75 1452 108 1514 ld
134 1455 189 1513 erit
212 1454 320 1523 linitio;
345 1471 419 1532 quae
443 1456 467 1513 si
488 1472 588 1532 parurn
608 1452 733 1513 valebit:
752 1453 802 1512 liet
819 1453 1022 1531 syllogismus,
1048 1451 1084 1513 ad

76 1556 178 1618 quom,
199 1538 280 1598 velut
295 1540 415 1598 remissa
433 1541 531 1617 priore
548 1539 748 1613 contentione,
765 1538 927 1597 veniemus:
954 1536 999 1597 An
1014 1554 1082 1617 pro·

74 1622 142 1683 iude
156 1623 249 1702 puniri
266 1621 387 1699 debeat,
407 1640 442 1682 ac
460 1624 484 1682 si
500 1624 590 1682 virum
605 1639 718 1682 veneno
734 1619 890 1682 necasset?

162 1705 242 1784 Ergo
264 1705 311 1766 hio
337 1715 427 1767 status
451 1707 529 1766 ducit
550 1725 588 1766 ex
611 1724 665 1783 eo,
694 1706 770 1785 quod
796 1708 934 1784 scriptum
957 1716 1019 1782 est,
1041 1707 1111 1783 ida

76 1791 155 1870 qnod
172 1793 313 1850 incertum
329 1800 387 1859 est;
411 1790 489 1869 quod
506 1793 638 1870 quoniam
653 1793 766 1850 ratione
783 1790 947 1866 colligitur,
968 1792 1083 1850 ratioci-

74 1876 189 1935 nativus
205 1874 319 1935 dicitur.
364 1874 395 1934 lu
412 1874 464 1934 luas
480 1885 574 1934 autern
597 1875 661 1935 iere
680 1877 797 1953 species
814 1875 909 1933 venit:
927 1875 986 1951 An,
1005 1873 1083 1953 quod

75 1959 168 2019 cernel
183 1961 228 2019 ius
245 1968 308 2036 est,
329 1958 406 2019 idern
423 1969 452 2018 et
467 1956 606 2037 saepius?
647 1957 762 2020 lneerti
779 1960 927 2020 damnata
946 1968 974 2020 et
986 1959 1083 2038 prae·

75 2044 205 2122 cipitata
217 2043 256 2104 da
267 2061 346 2105 caan
359 2045 455 2115 utria
472 2045 630 2122 repetitur.
677 2040 738 2119 An,
755 2042 832 2121 quod
848 2043 876 2101 in
887 2059 961 2118 uuo,
977 2045 1004 2101 in
1020 2042 1082 2121 plu-

74 2123 176 2187 ribus?
208 2125 268 2200 Qui
283 2127 362 2189 duos
376 2148 436 2189 uno
452 2136 585 2206 tempore
600 2135 746 2208 tprannoe
762 2128 891 2202 occidit,
915 2126 976 2187 duc
987 2145 1083 2205 prac-

75 2212 138 2272 mia
161 2213 246 2290 petit.
292 2209 337 2271 An
362 2212 439 2290 quod
466 2221 547 2288 ante,
572 2221 601 2271 et
628 2214 754 2291 postea?
798 2210 918 2290 Raptor
935 2211 1113 2292 profugit,4

74 2303 170 2374 rapta
184 2296 304 2374 nupsit,
319 2314 445 2358 reuerso
459 2298 510 2358 illo
520 2298 596 2375 petit
609 2298 767 2376 optionem.
804 2296 866 2372 An,
881 2297 957 2373 quod
969 2297 997 2355 in
1009 2305 1082 2372 toto,

74 2379 153 2440 idem
169 2379 198 2438 in
212 2376 316 2457 portel
352 2377 499 2441 Aratrum
514 2383 659 2459 accipere
671 2381 794 2460 pignori
808 2400 867 2442 nou
885 2382 970 2456 licet,
985 2399 1082 2442 eome-

74 2483 141 2524 rem
162 2465 296 2542 accepit·
340 2462 401 2540 Au,
428 2465 505 2541 qnod
528 2466 557 2524 in
578 2474 677 2543 parte,
705 2464 780 2524 idem
800 2466 828 2523 in
855 2460 938 2524 toto?
978 2463 1084 2526 Lanae

75 2545 355 2610 eoelrerel'arentc
375 2550 540 2625 nonlicet,
566 2568 638 2611 oceo
658 2550 751 2611 uerit.
793 2546 824 2606 ln
846 2547 890 2606 luis
911 2547 1111 2625 syllogimusi

76 2639 106 2691 et
125 2633 237 2710 scripto
253 2633 365 2702 nititur;
389 2649 446 2692 non
468 2634 537 2692 satis
554 2642 667 2692 cautum
683 2649 750 2691 esse
768 2631 846 2691 dicit.
892 2629 1028 2708 Postulo,
1051 2640 1085 2692 ut

72 2717 299 2796 praecipitetur
311 2718 450 2786 iuce.rta;
472 2718 523 2777 len
538 2726 602 2788 eot,·
626 2726 654 2776 et
672 2724 765 2795 rapta
780 2716 932 2794 optionem¹
940 2717 1033 2795 petit,
1055 2722 1084 2775 ct

75 2803 179 2867 inova
195 2801 288 2862 lanae
304 2808 391 2876 sunt,
417 2800 548 2861 similiter
563 2801 629 2861 alia.
660 2800 731 2861 -Sed
747 2801 813 2878 quia
831 2799 1003 2878 responderi
1018 2808 1082 2879 pot·
1096 2807 1113 2861 6

77 2894 137 2962 est,
160 2882 229 2946 Noa
249 2893 295 2947 cot
315 2887 481 2965 scriptum,
504 2894 538 2946 ut
557 2886 603 2947 bie
619 2885 845 2964 praecipitetur
861 2885 1027 2962 damnata,
1051 2890 1084 2944 ut

75 2970 258 3047 parendoque
279 2977 371 3048 rapta
389 2978 485 3048 optet,
507 2977 540 3030 ut
562 2969 759 3048 tyrannicida
782 2969 843 3031 duo
864 2968 1007 3047 praemia
1027 2987 1083 3030 ac-

75 3053 187 3131 cipiat,
214 3053 289 3114 nitu
308 3055 348 3116 de
369 3072 490 3116 comere
507 3062 645 3130 cautum,
668 3053 744 3114 utta
764 3055 803 3115 de
824 3055 947 3116 acidus:
975 3071 1012 3112 cx
1034 3069 1082 3129 eo,

75 3136 153 3214 quod
175 3137 356 3197 manifestum
380 3147 443 3213 est,
464 3136 611 3215 colligitur
634 3138 711 3216 quod
735 3137 850 3198 dubium
870 3146 924 3198 est.
966 3137 1083 3198 Maioris

75 3237 191 3298 pugnae
216 3231 261 3281 est
277 3224 439 3302 exscripto
456 3221 581 3298 ducere,
604 3223 681 3300 quod
696 3224 835 3300 scriptum
849 3240 906 3282 non
924 3232 978 3282 est.
1024 3219 1085 3294 Qui

72 3314 195 3384 patrem
206 3307 369 3382 occiderit,
383 3308 469 3368 culeo
478 3307 639 3369 innuatur:
651 3316 778 3370 matrem
788 3309 911 3370 occidit.
934 3303 984 3366 Ea
997 3307 1084 3367 dorna

74 3392 106 3450 in
125 3391 177 3450 iuo
193 3391 327 3453 educare
345 3409 384 3452 rte
404 3392 513 3453 liceat.-
535 3409 575 3454 er
594 3392 796 3453 tabernaculo
818 3391 934 3453 educit.
977 3387 1008 3447 ln
1025 3387 1109 3453 lroot

75 3491 187 3551 genere
209 3472 283 3534 haec
301 3484 493 3553 quaeruntur:
522 3473 582 3553 An,
600 3477 735 3555 quotiens
753 3476 870 3555 propria
887 3473 936 3533 lex
952 3481 1081 3551 nonest,
