2408 3854
245 201 249 207 -
340 176 808 245 rssu.onnuon.n1a.xs1,1o.
1017 169 1079 233 265

76 332 180 393 exuoei
198 339 227 391 et
245 348 405 408 exangues.
438 329 473 390 lli
489 340 555 390 sunt
571 333 661 408 enirn,
680 335 728 411 qui
743 350 813 392 suae
828 308 1019 395 imbecillitati
1035 351 1122 402 sa·15

75 416 171 476 nitatis
196 413 438 494 appellationem,
465 424 608 492 quaeest
631 417 754 476 inarime
784 419 946 494 contraria,
977 419 1078 480 obten-

74 500 160 568 dunt;
183 501 246 578 qui,
264 499 331 578 qnia
347 498 502 558 olariorern
516 499 573 558 vim
591 499 777 578 eloquentiae
794 500 874 560 velut
888 501 983 562 solem
999 504 1079 565 lerre

73 600 131 643 non
148 591 288 663 possunt,
306 581 405 641 umbra
420 584 515 658 magni
531 585 653 642 nominis
667 582 851 644 delitescunt.
882 583 993 659 Quibus
1014 591 1079 666 quia

73 666 162 727 multa
184 674 214 726 et
235 665 367 745 pluribus
392 664 467 724 loeis
491 662 597 726 Gioero
623 669 688 746 lpse
707 668 877 746 respondit:
902 672 991 728 tutior
1010 672 1078 731 milri

74 750 110 811 de
126 750 184 810 hoo
201 749 365 810 disserendi
379 748 507 808 bseritss
523 751 585 808 erit.

158 833 196 893 Et
227 835 344 911 antiqua
368 832 482 910 quidem
507 831 557 892 illa
584 834 687 893 divisio
718 836 792 894 inter
817 834 965 895 Attieos
991 846 1077 916 atque
1087 850 1121 903 16

74 918 232 977 Asianos
248 917 320 992 luit,
344 935 408 976 oum
423 917 451 977 bi
467 918 562 994 pressi
574 925 609 976 et
623 918 744 994 integri:
768 928 869 980 eontra
884 919 975 980 inflati
990 920 1032 980 illi
1048 931 1079 982 et

73 1003 173 1062 inanes
194 999 385 1069 haberentur;
417 1001 445 1059 in
466 999 511 1058 lris
534 1001 605 1060 rutntl
631 1000 843 1078 superflueret:
867 1002 924 1062 illis
944 1004 1078 1066 iudioiurn

72 1086 195 1145 maxime
212 1103 246 1145 aa
262 1084 366 1144 rnodns
380 1084 507 1144 deesset.
541 1083 626 1158 Quod
644 1078 774 1162 quidam,
794 1102 915 1162 quorum
931 1094 959 1146 et
975 1089 1078 1149 Santra

74 1178 135 1245 est,
157 1169 214 1228 boo
230 1177 331 1248 putant
347 1168 507 1243 aeeidisse,
533 1167 628 1247 quod,
651 1167 788 1246 paulatim
810 1172 944 1228 sermone
963 1169 1076 1232 Graeco

73 1254 101 1312 in
116 1255 263 1332 proximas
280 1251 369 1312 Asiae
386 1253 518 1311 eivitates
534 1250 686 1328 induente,
704 1252 828 1312 nondum
845 1254 916 1312 satis
930 1254 1015 1332 periti
1033 1254 1076 1315 lo·

74 1338 180 1415 quendi
201 1336 364 1397 iaoundiam
385 1336 604 1414 eoneupierint‚
633 1335 760 1413 ideoque
783 1353 834 1412 ea,
860 1353 934 1413 quae
956 1341 1076 1416 proprie

74 1422 183 1497 signari
198 1426 351 1497 poterant,
369 1420 489 1478 eireoitn
504 1421 658 1498 coeperint
673 1421 822 1480 enuntiare
837 1438 872 1481 aa
889 1421 994 1482 deinde
1010 1440 1077 1501 per-

75 1505 247 1563 severarint.
279 1502 349 1562 blihi
371 1510 465 1562 auem
487 1505 627 1563 orationis
648 1502 839 1564 differentiam
860 1505 969 1565 ieoisse
991 1515 1020 1566 et
1036 1506 1119 1573 dili

74 1590 200 1647 centinrn
224 1596 254 1647 et
275 1586 448 1647 audientium
470 1595 588 1647 naturae
608 1587 758 1664 videntur,
784 1589 861 1666 quod
879 1588 968 1649 Attioi
988 1589 1076 1651 limati

74 1671 189 1752 qnidam
205 1679 235 1730 et
250 1671 373 1731 emuncti
389 1668 457 1729 nibil
473 1670 558 1729 inane
573 1679 622 1730 ant
636 1670 798 1731 redundans
809 1671 953 1748 ferebant,
969 1673 1076 1733 Asiana

73 1774 147 1832 gens
163 1755 298 1815 tumidior
321 1752 429 1831 alioqui
449 1762 537 1834 atque
552 1755 704 1813 iaetantior
717 1755 837 1814 vaniore
860 1757 945 1814 etiam
962 1756 1076 1816 dicendi

74 1839 168 1916 gloria
188 1837 285 1898 indata
303 1847 357 1897 est.
390 1836 517 1897 'lentium
532 1853 616 1913 mox,
641 1839 689 1914 qui
704 1837 777 1897 haee
793 1837 977 1913 dividebant,
999 1840 1120 1904 adio-18

75 1931 177 1982 oerunt
201 1939 313 2000 genus
335 1919 525 1996 Rhodium,
556 1920 635 1999 quod
652 1920 733 1981 velut
753 1922 877 1981 medium
901 1932 968 1980 esse·
989 1931 1076 2001 atque

74 2024 113 2066 ex
136 2015 260 2084 utroque
281 2007 398 2079 mirtnrn
412 2005 527 2072 voiunt;
554 2022 651 2084 neque
666 2006 742 2064 enim
756 2004 854 2065 Attice
870 2007 967 2082 presai
980 2023 1075 2083 neque

74 2090 182 2150 Asiane
199 2099 264 2149 sunt
282 2089 478 2163 abundantes,
503 2098 535 2149 ut
559 2088 668 2166 aliquid
689 2087 797 2148 habere
813 2089 966 2148 videantur
981 2092 1075 2166 gentis

75 2173 184 2252 aliquid
200 2174 337 2234 auctoris.
368 2171 532 2233 Aeschines
549 2174 642 2247 enlin,
662 2173 710 2250 qui
725 2171 800 2231 luno
818 2171 908 2232 exilio
925 2172 1077 2250 delegerat
1084 2183 1119 2237 19

73 2257 185 2332 locum,
208 2257 303 2318 intulit
325 2270 361 2318 e'o
377 2256 472 2317 studia
485 2256 677 2332 Athenarum,
700 2273 791 2334 quae,
813 2255 893 2316 velut
910 2265 972 2317 sata
988 2274 1075 2336 qnae·

73 2342 137 2401 dani
153 2341 239 2401 coelo
256 2350 393 2420 terraque
407 2340 604 2417 degenerant,
628 2357 764 2418 saporam
786 2340 867 2400 illurn
882 2339 1008 2401 Atticum
1023 2358 1074 2419 pe·

74 2426 191 2502 regrina
207 2427 393 2486 miscuerunt.
435 2423 518 2484 lenti
538 2442 612 2502 ergo
631 2425 745 2502 quidam
759 2441 795 2484 ae
808 2426 923 2484 remissi
937 2427 1075 2484 non‘sine

73 2507 205 2588 pondere
219 2517 315 2569 tamen
329 2526 426 2587 neque
441 2508 568 2569 lontibus
586 2510 666 2587 puris
681 2526 776 2586 neque
790 2507 969 2568 torrentibus
985 2506 1074 2566 turbi-

74 2592 117 2651 dis
134 2590 186 2651 sed
201 2590 314 2652 lenibus
330 2592 440 2668 stagnis
457 2591 569 2651 sirniles
582 2590 733 2651 habentur.

157 2672 249 2734 Nemo
272 2676 360 2750 igitur
380 2673 571 2749 dubitaverit,
601 2674 690 2750 longe
711 2692 779 2734 esse
803 2675 939 2752 optimum
958 2684 1118 2750 genesio

73 2757 288 2818 Attieorurn.
319 2757 351 2817 ln
367 2774 424 2837 qno
441 2766 473 2818 ut
489 2767 535 2818 est
551 2757 658 2836 aliquid
673 2759 748 2817 inter
763 2757 844 2834 ipsos
861 2774 1028 2833 commune,
1045 2758 1074 2819 id

74 2851 119 2901 est
135 2842 270 2901 iudioium
293 2859 362 2902 aere
384 2851 569 2920 tersumque:
591 2843 630 2900 ita
650 2841 830 2918 ingeniorum
852 2840 992 2919 plurimae
1014 2842 1073 2901 ior·

73 2943 146 2986 rnae.
182 2925 368 3005 Quapropter
383 2925 450 2985 milri
467 2924 529 2986 ialli
544 2923 661 2985 multum
676 2923 826 2998 videntur,
844 2926 891 3002 qui
907 2923 990 2985 solos
1008 2935 1115 2988 esseut

73 3008 188 3069 Atticos
205 3009 326 3071 eredunt
346 3019 449 3070 tenues
466 3018 495 3068 et
511 3008 624 3069 lucidos
645 3017 673 3068 et
688 3007 884 3085 significantes
906 3016 936 3068 et
952 3010 1073 3087 quadam

74 3092 260 3170 eloquentiae
275 3093 441 3171 frugalitate
457 3098 611 3153 contentos
625 3109 661 3151 aa
671 3109 788 3170 semper
802 3109 913 3152 manum
929 3093 1001 3152 intra
1012 3091 1073 3170 pal·

72 3175 141 3235 lium
163 3179 355 3237 continentes.
391 3175 465 3236 Nam
490 3179 555 3254 quis
580 3178 635 3235 erit
654 3175 701 3235 hio
721 3171 857 3236 Attiousl
892 3175 936 3235 Sit
955 3173 1072 3250 Lysias:

72 3259 148 3320 buno
178 3261 252 3319 enirn
279 3260 491 3339 amplectuntur
521 3269 665 3320 amatores
689 3260 772 3319 istius
797 3259 919 3318 nominis
947 3257 1071 3319 modum.

73 3342 139 3402 Non
153 3344 241 3420 igitur
258 3344 421 3420 iamneque
441 3343 477 3403 ad
494 3341 622 3403 Coeoum
642 3352 673 3402 et
687 3342 866 3402 Andocidem
885 3343 1071 3401 remittemor.

73 3427 260 3503 Interrogare
277 3434 371 3486 tannen
390 3426 496 3503 velim,
520 3444 557 3486 an
574 3426 721 3486 Isocrates
737 3425 834 3485 Attice
851 3425 965 3485 dixerit.
996 3418 1124 3484 illudue
