2408 3854
352 130 800 214 rasnomrcanrsnrtm.
1018 133 1080 198 247

77 321 166 385 opns;
191 311 222 360 nt
236 303 280 360 vis
302 304 424 362 amnium
440 301 531 360 maior
553 310 597 359 est
615 301 680 361 altis
695 302 766 380 ripis
788 303 938 381 multoque
955 305 1079 382 gurgitis

76 395 168 448 tractu
184 384 330 463 fluentium
348 402 432 464 quam
447 385 541 444 tenuis
560 402 653 465 aquae
671 394 700 445 et
720 385 837 446 obiectu
855 385 1019 466 lapillorum
1033 406 1082 447 re·

76 471 218 532 sultautis.
249 466 287 529 Et
302 478 332 529 ut
347 469 514 548 palaestrici
530 467 668 529 doctores
686 468 770 546 illos,
808 487 862 529 nos
878 488 1013 531 numeros
1028 488 1079 531 vo·
1090 478 1123 529 lt

77 562 158 630 cant,
186 569 244 612 non
261 553 371 627 idcireo
391 551 568 617 discentibus
590 552 720 629 tradunt,
745 562 776 613 nt
819 555 842 614 ‘s
861 554 1008 631 omuibus,
1032 557 1080 635 qui

77 639 253 712 didicerunt,
275 638 388 721 inipso
413 635 540 707 luctandi
564 638 720 699 certamine
742 646 873 715 utantur,
900 637 982 719 (plns
1006 641 1081 699 enirn

75 722 206 801 pondere
224 729 253 780 et
268 720 400 793 firmitate
422 729 450 779 et
470 721 574 805 spiritu
594 722 703 801 agitur)
730 723 783 782 sed
804 730 834 781 ut
855 725 892 785 sit
913 723 998 800 copia
1018 722 1079 799 illa,

75 825 113 867 ex
138 814 194 885 qna
214 821 300 871 unum
320 813 368 875 aut
394 803 533 880 alterum,
563 804 642 873 onius
666 823 699 864 se
723 807 841 873 occasio
863 806 992 882 dederit,
1018 807 1080 866 efli-

76 893 169 957 ciaut':
197 888 236 951 ita
258 887 332 959 haec
349 906 417 971 pars
438 887 660 964 dialectica,
682 889 745 948 sire
769 889 847 958 illam
869 891 968 961 dicere
990 890 1080 952 malu·
1091 898 1123 950 13

75 991 137 1033 mus
161 972 467 1053 disputatrieem,
492 980 523 1032 ut
539 980 585 1037 est,
604 971 682 1032 utilis
700 991 791 1054 saepe
808 982 837 1035 et
857 973 1034 1041 finitionibus
1052 984 1080 1034 et

76 1055 383 1136 comprehensionibus
405 1065 434 1115 et
455 1055 642 1134 separandis,
670 1073 746 1135 quae
761 1066 827 1117 snut
847 1057 1025 1135 differentia,
1052 1068 1081 1118 et

74 1140 251 1215 resolvenda
274 1139 460 1218 ambiguitate
481 1139 702 1217 distinguendo,
725 1139 897 1217 dividendo,
919 1141 1079 1218 illiciendo,

73 1223 265 1305 bnplieando:
292 1225 347 1301 ita,
368 1224 393 1285 si
410 1232 500 1295 totum
515 1223 571 1285 sibi
587 1224 777 1285 vindicaverit
792 1226 821 1285 in
838 1225 903 1284 foro
921 1234 1078 1301 certamen,
1139 1229 1142 1234 '

74 1308 201 1372 obstabit
223 1307 392 1385 melioribus
413 1317 441 1375 et
463 1317 561 1370 sectas
583 1309 619 1370 ad
634 1309 802 1370 tenuitatem
820 1327 901 1379 snam
915 1310 994 1369 vires
1015 1311 1079 1387 ipsa

75 1392 234 1454 subtilitate
250 1401 409 1455 consumet.
440 1391 542 1472 ltaque
559 1395 692 1470 reperias
708 1392 849 1473 quosdam
864 1394 892 1453 in
907 1392 1121 1472 disputandoll

75 1477 147 1537 mire
162 1475 303 1552 callidos,
321 1494 386 1553 curn
401 1474 437 1537 ab
453 1476 504 1538 illa
521 1476 706 1539 cavillatione
724 1477 931 1554 discesserint,
948 1494 1006 1539 nou
1020 1494 1078 1536 ma-

73 1562 120 1638 gis
138 1559 275 1620 sufficere
297 1559 326 1619 iu
348 1559 445 1647 aliquo
469 1562 606 1639 graviore
629 1570 695 1623 actu
717 1579 802 1640 qnam
823 1579 914 1641 parva
938 1561 1080 1641 quaedam
1174 1596 1177 1600 ι

74 1643 224 1718 animalia,
245 1660 319 1722 quae
336 1645 365 1703 in
380 1645 520 1723 angustiis
538 1642 656 1705 mobilia
673 1663 775 1724 eampo
792 1645 1057 1725 deprehenduntnr.

159 1725 218 1789 lam
235 1726 350 1806 quidem
365 1744 432 1806 pars
451 1726 502 1789 illa
517 1727 690 1804 moralis,
715 1746 789 1807 quae
806 1730 911 1791 dicitnr
925 1728 1059 1789 Ethice
1070 1732 1121 1804 ,15

75 1820 156 1872 certe
172 1820 233 1873 tota
248 1812 357 1877 oratori
375 1819 420 1875 est
436 1810 662 1873 accommodata.
689 1810 763 1873 Nam
777 1814 806 1872 in
821 1820 899 1874 tanta
916 1829 1078 1889 cansarum,

74 1897 149 1967 sicut
169 1894 369 1974 superioribus
390 1893 471 1963 libris
496 1894 633 1970 diximus,
659 1897 817 1971 varietate,
845 1913 909 1957 enm
931 1895 987 1956 alia
1010 1913 1079 1955 eon·

74 1979 185 2039 iectura
207 1987 399 2058 quaerantur,
422 1977 478 2043 alia
493 1977 668 2048 finitionibus
687 1978 912 2056 concludantur,
937 1979 994 2041 alia
1017 1981 1079 2039 iure

74 2070 308 2137 summoveantur
322 2062 371 2123 vel
387 2063 613 2139 transferantur,
632 2062 688 2123 alia
705 2063 880 2141 colligantur
894 2063 944 2124 vel
958 2065 1023 2142 ipsa
1038 2065 1078 2123 in-

74 2157 120 2206 ter
144 2165 177 2206 se
206 2155 379 2209 concurrant
405 2146 454 2207 vel
479 2148 508 2207 in
534 2146 681 2208 diversum
709 2146 898 2225 ambignitate
922 2147 1078 2213 ducantur:

74 2230 153 2291 nulla
175 2229 238 2292 lere
260 2230 316 2291 dici
340 2238 455 2309 potest,
485 2232 566 2297 euius
586 2248 645 2291 non
665 2231 763 2311 aliqua
784 2233 813 2293 iu
834 2240 917 2311 parte
939 2239 1079 2292 tractatus

74 2316 161 2394 aequi
180 2333 215 2385 ac
236 2313 306 2392 boni
325 2316 507 2395 reperiatur,
532 2315 690 2396 plerasque
708 2333 780 2387 uero
802 2333 870 2377 esse
893 2317 957 2395 quia
974 2317 1078 2390 nescit,

74 2416 148 2479 quae
174 2407 253 2471 totae
276 2401 306 2469 in
328 2398 394 2463 sola
419 2400 557 2481 qualitate
582 2397 763 2477 consistant?
797 2398 831 2461 lu
854 2399 985 2463 consiliis
1006 2415 1079 2460 vero
1088 2404 1122 2458 16

75 2499 150 2559 qnae
163 2484 236 2546 ratio
251 2482 392 2561 suadendi
409 2493 455 2547 est
469 2482 505 2544 ab
515 2483 631 2553 honesti
647 2485 819 2563 quaestione
834 2478 987 2562 seposita?
1005 2481 1080 2556 Quid

66 2564 124 2638 ¹illa
148 2566 234 2636 etiam
253 2584 322 2644 pars
339 2569 440 2643 tertia,
463 2585 539 2647 qnae
561 2567 696 2639 laudandi
716 2585 751 2629 ae
768 2565 951 2645 vituperandi
974 2565 1079 2625 ciliciis

75 2644 259 2708 continetur?
290 2648 403 2729 Nempe
422 2651 451 2713 in
466 2659 589 2719 tractatu
610 2652 684 2711 recti
700 2652 841 2730 pravique
859 2658 1003 2710 versatur.
1035 2648 1120 2709 Auli

74 2732 111 2793 de
126 2733 245 2808 institia,
262 2733 447 2810 fortitudine,
464 2733 653 2811 abstinentia,
670 2735 879 2813 temperantia,
895 2734 1005 2812 pietate
1022 2749 1080 2791 non

73 2815 197 2895 plurima
214 2816 293 2877 dicet
314 2814 435 2879 oratori
462 2817 523 2879 Sed
538 2818 589 2879 ille
603 2819 648 2881 nir
662 2816 774 2893 bonus,
798 2817 847 2896 qni
863 2816 939 2877 baec
955 2833 1014 2877 non
1027 2833 1078 2876 vo·

75 2898 157 2961 'cibus
173 2909 281 2969 tantum
296 2899 353 2961 sibi
367 2910 436 2963 nota
452 2911 539 2981 atque
554 2900 717 2969 nominibus
732 2903 844 2963 aurium
855 2910 939 2962 tenus
954 2902 983 2961 iu
997 2918 1080 2962 nsum

73 2983 191 3062 linguae
208 2987 393 3065 perceperit,
416 2984 470 3046 sed
487 2987 535 3065 qni
554 2988 675 3048 rututes
697 2986 777 3066 ipsas
791 2984 1079 3064 meute'eomplexns

74 3068 113 3127 ita
135 3071 257 3146 sentiat,
279 3088 334 3130 nee
348 3071 377 3131 in
393 3068 549 3148 cogitando
564 3068 709 3131 laborabit
724 3078 771 3147 et,
799 3068 876 3148 quod
893 3071 984 3145 sciet,
1007 3085 1079 3128 vere

75 3151 162 3212 dicet.
195 3149 265 3213 Gom
285 3155 322 3214 sit
343 3155 435 3216 omnis
456 3153 604 3232 generalis
621 3155 755 3233 quaestio
777 3153 901 3233 speciali
920 3153 1079 3232 potentior,
1089 3161 1122 3215 18

78 3236 141 3313 qnia
153 3238 289 3297 universo
301 3255 369 3316 pars
382 3239 563 3315 continetur,
579 3255 639 3298 non
653 3239 752 3319 utique
769 3237 885 3300 aceedit
899 3236 984 3315 parti,
1002 3233 1080 3313 quod

75 3320 241 3378 universum
257 3328 317 3381 est:
333 3320 469 3400 proiecto
485 3336 570 3381 nemo
587 3321 742 3398 dubitabit,
759 3319 917 3399 generales
933 3319 1078 3398 quaestio·

75 3420 128 3461 nes
143 3404 171 3462 iu
186 3402 238 3462 illo
256 3404 378 3463 maxime
394 3403 554 3465 studiorum
571 3421 653 3466 more
673 3413 817 3465 versatas.
850 3401 910 3464 lam
926 3419 999 3462 vero
1016 3413 1121 3463 onmlb
1155 3453 1159 3459 .
