2408 3854
381 173 471 222 rusr.
489 173 786 238 coerciturum,
802 169 828 223 3.
1036 162 1095 225 221

94 335 151 396 bus
166 339 316 410 congruat.
346 329 406 390 Sed
420 330 449 387 iu
466 328 531 405 ipso
546 327 627 387 vultu
646 327 796 405 plurimum
811 327 911 388 valent
926 328 1021 405 oculi,
1044 340 1139 409 perte

93 435 172 498 quos
187 418 309 477 maxime
327 414 436 474 animus
454 411 577 486 eminet,
595 420 625 470 ut
641 412 713 471 eitra
728 420 835 470 motum
847 428 966 490 quoque
981 422 1012 472 et
1026 414 1097 475 bila·

96 503 181 562 ritate
199 500 359 560 enitescant
375 505 404 555 et
418 496 551 556 tristitiae
569 493 712 572 quoddam
732 494 861 557 nubilum
876 496 990 556 ducant.
1023 496 1098 570 Quin

97 585 182 645 etiam
208 583 341 642 lacrimas
368 580 413 640 bis
438 587 540 638 natura
567 578 670 638 mentis
689 578 801 639 indices
826 578 922 655 dedit,
948 598 1023 659 quae
1051 591 1099 641 aut

97 676 249 744 erumpunt
264 665 367 725 dolore
383 672 432 723 aut
445 661 554 721 laetitia
570 671 693 722 manant.
737 661 817 722 lictu
831 680 906 723 vero
922 665 1033 740 iuteuti,
1052 682 1097 723 rc·

96 751 191 824 missi,
215 748 351 826 superbi,
371 747 464 822 torvi,
492 745 595 819 mites,
617 747 715 823 asperi
737 746 822 814 liuut;
849 765 942 824 quae,
965 757 995 807 ut
1016 756 1098 807 actus

96 833 287 912 poposcerit,
311 831 465 907 tingentur.
506 826 602 905 Rigidi
617 846 689 888 vero
712 839 741 889 et
756 832 883 905 extenti,
908 840 956 891 aut
970 831 1139 909 languidito

79 924 80 936 ¹
96 926 127 977 et
142 924 314 994 torpentes,
332 923 380 974 aut
397 913 501 973 lascivi
517 920 546 971 et
560 911 701 988 mobiles,
723 921 771 974 aut
786 923 918 975 natantes
931 924 961 975 et
976 916 1098 992 quadam

94 1000 246 1079 voluptate
267 999 384 1072 suliusi,
412 1004 461 1056 aut
481 996 540 1055 limi
562 1004 610 1071 et,
636 1005 666 1056 ut
682 998 725 1056 sic
748 996 859 1073 dicam,
885 1001 1022 1076 venerei,
1050 1007 1098 1060 aut

95 1092 254 1162 poscentes
287 1080 395 1160 aliquid
421 1079 635 1159 pollicentesve
667 1098 811 1159 uunquam
838 1100 906 1141 esse
940 1080 1095 1142 debebunt.

94 1167 167 1227 llam
188 1175 309 1245 opertos
333 1180 558 1242 compressosve
580 1179 633 1222 eos
654 1165 683 1222 in
704 1163 828 1224 diceudo
850 1166 914 1241 quis
935 1166 991 1224 nisi
1011 1165 1097 1243 plane

95 1252 173 1310 rudis
194 1259 241 1310 aut
264 1248 367 1309 stultus
388 1247 518 1309 babeat?
545 1245 637 1308 Etad
657 1246 843 1308 haecomnia
866 1249 1055 1327 exprimenda
1071 1251 1139 1309 iuti

97 1334 245 1412 palpebris
262 1334 348 1392 etiam
364 1340 394 1391 et
407 1332 492 1408 genis
508 1339 554 1390 est
571 1331 714 1410 quoddam
729 1331 901 1392 deserviens
917 1332 952 1392 iis
969 1333 1097 1392 ministe-

94 1419 177 1476 rium.
212 1415 330 1476 Multum
352 1423 382 1475 et
399 1413 564 1491 superciliis
580 1416 684 1493 agitur.
716 1412 789 1474 Nam
808 1424 838 1475 et
854 1415 959 1476 oculos
974 1417 1097 1476 formant
1106 1421 1139 1476 to

94 1501 276 1578 aliquatenus
291 1507 321 1558 et
336 1498 423 1557 lronti
438 1499 588 1576 imperant.
613 1498 664 1559 llis
680 1498 868 1576 contrabitur,
884 1499 1035 1576 attollitur,
1050 1518 1095 1559 re·

94 1585 227 1650 mittitur;
244 1591 273 1641 et
288 1599 344 1641 uua
358 1599 408 1640 res
422 1581 451 1639 in
466 1598 501 1640 ea
516 1580 582 1658 plus
596 1582 710 1658 valeat,
727 1585 845 1661 sanguis
860 1583 928 1660 ille,
949 1585 997 1661 qui
1016 1601 1095 1644 men·
1163 1600 1165 1603 ·

95 1669 132 1725 tis
148 1666 246 1726 habitu
262 1672 396 1724 movetur
411 1672 457 1739 et,
474 1682 539 1723 cum
553 1665 691 1725 infirmam
705 1667 882 1727 verecundia
899 1677 994 1727 cutem
1009 1685 1095 1727 acce·

96 1753 152 1828 pit,
170 1750 323 1809 ellunditur
339 1749 367 1806 iu
382 1746 535 1814 ruborem;
560 1764 623 1807 oum
640 1757 718 1807 metu
732 1748 858 1825 refugit,
882 1749 941 1809 abit
956 1750 1048 1808 omnis
1067 1759 1096 1808 et

95 1834 208 1911 pallore
230 1833 378 1908 frigescit3
394 1838 573 1908 temperatus
587 1831 712 1890 medium
728 1831 871 1909 quoddam
887 1849 1022 1891 serenum
1033 1831 1083 1892 elli

95 1919 143 1976 cit.
181 1916 286 1976 Vitium
307 1917 335 1975 iu
359 1913 540 1992 superciliis,
566 1915 590 1973 si
613 1923 662 1974 aut
687 1915 802 1975 immota
825 1923 890 1974 suut
911 1916 1026 1975 omnino
1048 1921 1138 1977 aut79

94 2001 209 2059 nimium
223 1999 340 2059 mobilia
356 2004 404 2058 aut
424 1996 603 2075 inaequalia,
628 2006 659 2057 ut
673 1997 759 2057 modo
778 1997 816 2058 de
833 2015 960 2076 persona
985 2000 1095 2059 comica

95 2085 239 2159 dixeram,
263 2082 402 2144 dissident
424 2090 472 2140 aut
490 2090 590 2142 contra
610 2081 654 2156 id,
680 2080 758 2159 quod
779 2082 920 2159 dicimus,
943 2084 1093 2162 linguntur.

93 2165 139 2228 Ira
151 2169 226 2227 enim
239 2167 406 2241 contractis,
423 2166 536 2226 tristitia
549 2164 691 2241 deductis,
708 2165 838 2226 hilaritas
852 2168 983 2228 remissis
996 2176 1094 2227 osteu-

93 2250 177 2312 ditur.
209 2250 361 2311 Annuendi
384 2266 501 2329 quoque
518 2257 549 2309 et
562 2249 701 2310 renuendi
716 2250 829 2311 ratione
851 2253 1033 2313 remittuntur
1047 2260 1095 2311 aut

92 2335 264 2395 allevantur.
302 2334 426 2395 Naribus
449 2332 597 2412 labrisque
620 2351 678 2393 non
693 2333 757 2394 lere
779 2334 933 2414 quidquam
955 2337 1137 2415 docenterSt

92 2418 287 2494 ostendimus,
304 2419 420 2478 tametsi
438 2417 553 2478 derisus
566 2418 611 2493 iis,
628 2426 828 2497 contemptus,
844 2419 989 2480 fastidium
1004 2419 1091 2496 sigui·

92 2502 174 2561 beari
191 2502 278 2561 solet.
308 2499 380 2561 Nam
395 2510 425 2559 et
440 2520 612 2577 corrupere
621 2519 726 2576 coreo,
741 2511 772 2561 ut
786 2501 922 2562 lloratius
938 2505 987 2577 ait,
1005 2511 1034 2561 et
1051 2503 1091 2559 iu·

68 2621 71 2625 ·
92 2584 163 2644 ilare
188 2593 217 2642 et
235 2601 355 2643 movere
376 2593 406 2643 et
427 2583 518 2660 digito
536 2585 697 2663 inquietare
719 2593 749 2644 et
766 2584 851 2662 pulso
872 2584 968 2645 subito
990 2585 1092 2662 spiritu

92 2676 233 2727 excutere
258 2675 288 2726 et
305 2665 443 2726 diducere
466 2668 584 2745 saepius
608 2676 637 2727 et
658 2668 744 2746 plana
760 2685 844 2727 mauu
859 2669 1029 2746 resupinare
1050 2668 1091 2726 iu·

92 2751 232 2811 decorum
248 2758 303 2825 est,
321 2768 385 2810 cum
400 2753 543 2810 emunctio
560 2752 647 2811 ctiam
661 2751 842 2831 frequentior
856 2767 914 2812 uon
925 2753 988 2812 slue
1005 2769 1092 2812 causa

92 2834 332 2912 reprehendatur.
371 2832 464 2894 Labra
486 2843 515 2893 et
531 2835 716 2913 porriguntur
735 2834 810 2908 male
828 2844 858 2896 et
878 2835 1046 2896 scinduntur
1067 2845 1135 2900 etet

92 2920 286 2995 astringuntur
308 2926 339 2977 et
361 2917 531 2978 diducuntur
554 2928 584 2978 et
604 2919 707 2981 dentes
731 2919 839 2979 nudant
862 2929 892 2980 et
911 2921 939 2979 iu
961 2919 1037 2980 latus
1060 2937 1095 2980 ac

91 3019 186 3079 paene
202 3002 239 3061 ad
255 3020 354 3062 aurem
369 3002 517 3062 trabuntur
538 3011 567 3062 et
581 3003 662 3065 velut
677 3003 801 3083 quodam
816 3004 933 3064 fastidio
948 3004 1093 3083 replican·
1115 3040 1130 3059 s

91 3093 137 3143 tur
153 3093 183 3144 et
196 3084 325 3163 pendent
340 3096 370 3146 et
383 3103 489 3146 vocem
505 3095 612 3148 tantum
627 3088 719 3149 altem
730 3096 814 3167 parte
830 3088 981 3149 dimittunt.
1012 3086 1092 3147 bam·

92 3167 165 3228 bere
181 3185 297 3247 quoquc
313 3188 348 3230 ca
364 3178 393 3230 et
414 3170 550 3231 mordere
568 3172 700 3232 deforme
718 3181 780 3248 est,
804 3190 868 3232 cum
883 3173 969 3232 etiam
985 3172 1014 3230 in
1030 3168 1092 3228 eill-

92 3251 202 3312 ciendis
222 3252 322 3312 verbis
337 3253 468 3314 modicus
490 3269 591 3315 eorum
607 3273 675 3316 osse
690 3254 799 3316 debeat
815 3264 924 3324 motus;
948 3270 1000 3313 ore
1017 3253 1092 3312 enim

91 3335 183 3413 magis
199 3352 284 3413 quam
299 3335 388 3396 labris
403 3336 580 3417 loquendum
595 3347 649 3399 est.
680 3336 834 3399 cervicem
847 3347 959 3399 rectam
974 3342 1135 3414 oportetttt

92 3438 178 3495 esso,
195 3435 253 3477 uon
267 3418 387 3496 rigidam
404 3430 452 3480 aut
466 3423 607 3500 supinam.
640 3418 753 3482 cottum
769 3421 884 3481 diversa
902 3420 1022 3498 quidem
1037 3417 1101 3475 sed
