2408 3854
349 198 806 276 rusr.ounu0n.nrs.u111,4.
1032 192 1073 253 oo

72 361 180 420 rictam
197 356 399 417 continentiam
418 355 598 431 ostenderet,
617 373 690 433 quae
704 357 849 434 corrumpi
865 358 1073 435 speciosissimi

72 443 195 503 hominis
222 451 279 501 tam
301 439 387 500 obuia
411 439 560 499 voluntate
587 455 644 499 uon
668 448 780 518 posset.
813 438 889 514 Quin
911 460 948 500 ex
969 444 1116 506 instrum
1131 488 1144 495 -

72 535 170 586 mento
189 541 306 605 quoque
328 524 449 584 heroum
469 523 584 583 illorum
605 523 770 601 magnitudo
794 524 969 585 aestimanda
989 525 1073 585 nobis

72 612 166 672 datur.
204 608 267 668 Huc
282 608 408 687 pertinet
432 607 544 685 clipeus
561 606 659 667 Aiacis
680 617 710 667 et
725 606 821 668 Pelias
836 607 970 668 Achillis.
1010 608 1073 684 Qua

72 697 179 754 virtute
201 694 322 770 egregie
347 699 392 751 est
411 709 480 750 usus
502 692 531 750 iu
553 689 685 769 Gyclope
706 691 863 769 Vergilius.
905 691 976 752 Nam
997 693 1073 772 quod

73 777 144 839 illud
161 793 267 855 corpus
284 785 380 835 mente
399 775 569 853 concipiam,
581 777 667 847 ,cuius

304 858 428 920 Traaao
443 876 565 920 martam
582 860 676 938 picas
692 861 793 938 repit?
809 890 851 907 -·
921 884 933 893 ·

76 942 171 1019 Quid?
194 962 258 1004 cum
278 946 331 1005 ola
346 944 475 1006 loricam
497 944 557 1004 duo
580 944 774 1022 multiplicem
796 946 920 1005 commisi
940 947 1116 1008 lumeristi

72 1030 189 1109 ferant,
206 1037 328 1106 quantus
344 1026 514 1102 Demoleos,
531 1027 579 1104 qui
593 1027 707 1087 indutus
723 1044 758 1087 ea

279 1146 317 1158 -
342 1131 436 1173 carso
451 1111 595 1191 palantes
611 1109 708 1172 Troas
729 1111 865 1189 agebat?

76 1194 173 1271 Quid?
198 1195 236 1256 ll.
255 1195 365 1257 'l'ullius
387 1196 424 1256 de
439 1193 477 1254 tt.
495 1194 611 1254 Antonii
634 1195 745 1255 luxuria
766 1203 873 1254 tautum
889 1195 1000 1272 lingere
1018 1196 1075 1257 sal·

75 1290 133 1341 tem
149 1281 309 1358 potuisset,
336 1288 470 1358 quantum
486 1278 611 1339 ostendit
632 1279 773 1355 diceudo,
796 1276 1001 1358 Gomalpliatis
1022 1277 1075 1340 Ca.

78 1362 210 1445 Pompeii
229 1364 454 1443 peristromatis
466 1382 624 1425 servorum
643 1365 675 1424 ia
691 1364 776 1425 callis
791 1370 906 1425 stratos
926 1364 1019 1434 lectos
1033 1364 1076 1424 oi·

76 1449 191 1510 dares?
228 1446 417 1524 conchyliata
450 1447 653 1525 peristromata
683 1456 713 1507 et
745 1445 797 1507 (lu.
827 1446 955 1525 Pompeii
981 1455 1076 1507 terunt

76 1533 155 1592 servi
171 1540 210 1591 et*
218 1532 318 1592 cellis:
339 1530 409 1593 nihil
431 1531 488 1591 dici
505 1539 603 1610 potest
618 1531 708 1608 ultra,
732 1540 761 1591 et
777 1549 903 1591 necesse
920 1539 964 1592 est
981 1538 1077 1592 tamen

76 1615 186 1676 infinito
202 1616 267 1694 plus
283 1617 311 1675 in
332 1615 446 1676 domiuo
465 1618 605 1694 cogitare.
651 1615 704 1676 Est
725 1616 782 1677 hoc
803 1616 896 1676 simile
917 1614 975 1692 illi,
999 1614 1119 1695 quodid

77 1700 203 1778 ἔμφασις
223 1699 340 1769 dicitur;
364 1699 416 1760 sed
436 1700 487 1760 illa
510 1718 547 1759 ex
566 1700 658 1761 uerbo
684 1700 742 1760 hoc
769 1718 806 1759 ex
827 1719 860 1759 re
881 1701 1076 1760 coniecturam

77 1783 148 1844 iacit
164 1793 302 1862 tantoque
318 1784 383 1862 plus
397 1784 492 1859 valet,
516 1794 621 1862 quanto
637 1802 685 1844 res
704 1786 766 1863 ipsa
781 1783 879 1843 uerbis
895 1791 941 1842 est
958 1783 1075 1843 lirmior.

162 1866 262 1928 Potest
282 1867 388 1928 ascribi
411 1867 623 1946 amplificationi
647 1869 846 1945 congeries
869 1883 986 1946 quoque
1011 1885 1076 1926 ver-

77 1950 178 2011 borum
203 1970 237 2013 ac
257 1953 462 2012 sententiamm
488 1950 561 2010 idem
584 1952 813 2030 significantium.
859 1949 942 2024 Nam,
966 1952 1076 2010 etiamsi

76 2052 135 2095 non
150 2054 204 2114 per
217 2036 325 2115 gradm
342 2035 515 2111 ascendunt,
537 2044 632 2095 tamen
647 2035 727 2095 velut
742 2050 849 2095 acervo
867 2034 990 2112 quodam
1006 2033 1077 2094 alle·

76 2128 195 2180 vantur:
229 2118 311 2193 Quid
331 2121 409 2182 enim
434 2121 585 2196 tonsilla,
610 2119 746 2198 Tubero,
772 2120 937 2182 destrictus
958 2121 990 2180 ia
1009 2120 1120 2181 actem

77 2202 262 2266 Pharsalica
274 2205 401 2284 gladius
411 2205 544 2283 agebat?
562 2205 741 2266 salariolas
754 2205 922 2287 illamaaro
935 2204 1078 2282 petebat?

78 2289 133 2365 pai
145 2306 253 2350 sensas
270 2296 338 2350 erat
354 2306 509 2351 armorum
527 2290 667 2350 tuorum?
683 2304 762 2367 qaae
779 2291 954 2351 tanmem?
974 2288 1077 2350 oculi?

77 2374 210 2433 mamas?
232 2373 331 2434 ardor
350 2373 467 2433 animi?
490 2374 565 2450 qaid
579 2374 745 2452 capiebas?
765 2374 840 2452 qaid
856 2374 1007 2450 optabas?
1034 2374 1077 2433 Si-

77 2455 146 2515 mile
167 2465 212 2516 est
232 2456 289 2515 hoc
303 2456 429 2534 ligurae,
452 2474 535 2534 quam
558 2448 780 2536 συναθροισμὸν
799 2465 920 2524 vacuum
944 2457 997 2517 sed
1018 2456 1078 2517 illic

78 2539 203 2618 plurium
224 2558 319 2599 rerum
344 2549 389 2600 est
411 2541 584 2618 congeries,
600 2540 647 2599 lric
663 2543 744 2602 unius
756 2540 966 2618 multiplicatio.
997 2538 1078 2600 Haec

79 2624 164 2683 etiam
178 2641 316 2683 crescere
328 2623 405 2683 solet
419 2625 517 2684 verbis
536 2623 666 2683 omnihus
680 2624 764 2684 altius
778 2633 864 2701 atque
880 2623 964 2683 altius
986 2625 1078 2684 iusur-
1143 2645 1149 2655 “

77 2708 212 2784 gentibus
224 2729 230 2767 :
243 2705 363 2769 Aderat
373 2709 486 2768 ianitor
503 2709 654 2784 carceris,
668 2709 812 2786 carnifex
819 2709 985 2786 praetoris,
997 2727 1079 2770 mors

78 2801 239 2870 terrorque
254 2794 407 2853 sociorum
428 2800 456 2853 et
470 2794 579 2853 cloiam
599 2791 820 2868 Romanorum,
837 2793 926 2853 lictor
942 2790 1077 2856 Sestias.

164 2874 274 2935 Eadem
300 2875 364 2935 iere
394 2883 439 2934 est
468 2876 541 2935 ratio
572 2876 725 2935 minuendi.
772 2874 843 2936 Nam
871 2875 990 2936 totidem
1015 2883 1122 2940 sunttd

78 2959 302 3020 ascendentibus
333 2968 402 3038 quot
429 2958 672 3020 descendentibus
697 2960 814 3037 gradus.
864 2957 994 3039 Ideoque
1021 2976 1078 3020 uno

79 3061 131 3103 ero
157 3044 293 3122 exemplo
315 3051 466 3103 contentus
490 3045 551 3103 eius
574 3044 648 3119 loci,
679 3061 735 3122 quo
759 3041 865 3104 cicero
889 3043 926 3104 de
947 3045 1079 3105 oratioue

78 3127 156 3187 Rulli
171 3128 246 3187 haec
261 3128 345 3188 dicit:
367 3126 465 3189 Paaci
478 3136 595 3205 tamea,
613 3128 666 3206 qai
676 3129 812 3207 proximi
827 3129 1004 3205 astiterant,
1025 3147 1079 3190 aa·

77 3213 143 3273 saio
167 3212 242 3289 qaid
265 3213 349 3273 illam
369 3213 408 3273 de
432 3214 498 3292 lepc
521 3215 652 3291 agrario
671 3214 786 3274 ooluiso
810 3214 915 3274 dicere
937 3213 1080 3292 suspico-

77 3297 201 3359 bontar.
242 3293 326 3369 Quod
349 3296 374 3354 si
395 3296 429 3356 ad
446 3296 624 3356 intellectum
640 3296 768 3373 referas,
790 3297 906 3354 minutio
924 3305 983 3364 cst3
1005 3296 1029 3354 si
1045 3294 1081 3355 ad

79 3378 298 3456 obscuritatem,
315 3380 531 3440 incrementum.

167 3461 236 3525 Scio
265 3479 356 3543 posse
379 3465 469 3524 videri
497 3463 665 3542 quibusdam
690 3463 819 3544 speciem
851 3462 1125 3541 amplificationum
