2408 3854
360 192 449 240 rnen.
463 189 613 275 oneror,
626 192 696 240 nro.
709 191 813 260 x11‚3.
1026 181 1083 244 251

83 351 137 410 sed
161 349 274 423 omnia,
304 365 379 426 qnae
401 347 552 426 profutura
573 357 657 423 sunt,
686 347 784 409 debet.
825 348 926 428 ltaque
949 365 1013 410 enm
1032 363 1117 414 nect

82 433 229 508 inutilem,
254 433 278 491 si
298 431 333 491 ad
348 431 448 492 horam
463 432 540 492 forte
557 433 737 507 constiterit,
762 451 858 512 neque
878 435 907 493 in
928 433 1087 495 testationi·

82 518 137 579 bus
157 516 298 579 faciendis
314 534 381 576 esse
399 517 559 594 imperitum
569 516 671 578 aelim.
707 515 778 593 Quis
795 518 870 578 enim
886 519 982 597 potius
1002 535 1087 596 prae·

82 601 194 681 parabit
211 619 263 676 ea,
282 618 375 682 qnae,
392 617 457 659 cum
474 609 558 678 aget,
583 619 650 663 esse
668 601 696 662 in
712 619 800 669 causa
816 597 907 663 velit?
930 599 993 661 Nisi
1007 599 1086 661 lorte

80 685 363 764 imperatoremqnis
379 682 513 745 idoneum
525 685 617 747 credit
632 686 660 747 in
675 685 797 764 proeliis
808 686 924 766 quidem
940 694 1087 746 strenuum

81 780 111 830 et
126 771 233 830 lortem
250 777 278 828 et
295 768 434 844 omnium,
451 785 526 847 quae
545 786 640 847 pugna
655 772 769 848 poscit,
788 770 947 846 artificem,
965 769 1018 831 sed
1035 787 1086 828 ne·

81 873 139 934 qne
162 853 296 916 delectus
318 869 409 929 agere
435 869 491 911 nec
514 854 615 932 copias
639 854 812 918 contrahere
833 864 921 934 atque
943 855 1087 914 instruere

81 956 137 999 nec
159 937 333 1016 prospicere
355 945 532 997 commeatus
548 955 604 999 nec
625 938 722 999 locum
737 955 845 1019 capere
868 940 971 999 castris
992 940 1086 998 scien·

81 1032 154 1090 tenu
177 1023 258 1100 prins
274 1029 320 1083 est
335 1022 409 1081 enim
425 1030 507 1087 certe
525 1039 630 1100 parare
648 1020 728 1083 bella
746 1040 830 1100 qnam
845 1040 964 1099 gerere.
997 1021 1115 1101 Atqnifi

81 1106 242 1167 simillimus
259 1104 327 1166 huic
347 1106 384 1165 sit
403 1105 582 1182 advocatus,
606 1107 631 1166 si
647 1105 746 1184 plura,
770 1123 845 1184 qnae
863 1106 899 1165 ad
913 1105 1087 1167 vincendum

80 1190 194 1265 valent,
220 1189 285 1249 aliis
300 1188 466 1267 reliquerit:
496 1208 560 1250 cum
581 1190 754 1268 praesertim
777 1189 850 1265 hoc,
874 1189 951 1268 qnod
969 1198 1014 1249 est
1029 1208 1086 1250 ma·

80 1276 157 1335 xime
173 1275 389 1349 necessarium,
408 1292 463 1334 nec
480 1283 537 1334 tarn
553 1275 589 1334 sit
602 1274 737 1350 arduum,
756 1291 840 1352 quam
855 1273 959 1352 procul
976 1273 1073 1333 intnen

80 1359 156 1418 tibus
173 1358 298 1421 tortasse
314 1357 455 1419 videatur.
484 1356 616 1437 Namque
632 1375 716 1418 omne
732 1359 793 1434 ins,
810 1358 887 1436 quod
904 1366 948 1418 est
964 1366 1086 1432 certum,

81 1450 129 1502 ant
149 1442 262 1518 scripto
288 1449 335 1501 ant
355 1440 485 1502 moribus
506 1450 633 1511 constat;
664 1441 780 1503 dubium
808 1442 961 1521 aequitatis
984 1440 1086 1518 regula

82 1524 300 1589 examinandam
319 1533 374 1585 est.
408 1524 490 1598 Quae
513 1527 621 1605 scripta
637 1535 703 1587 sunt
717 1534 765 1587 ent
781 1527 876 1604 posita
900 1526 929 1585 in
944 1542 1026 1587 more
1048 1527 1114 1590 cit

81 1611 194 1685 vitatis,
224 1608 331 1670 nnllam
351 1608 460 1669 habent
482 1609 697 1685 difficultatem,
730 1611 904 1688 cognitionis
926 1619 990 1671 sunt
1012 1609 1087 1671 enim

81 1712 139 1754 non
159 1693 348 1761 inventionis:
376 1700 403 1754 at
420 1709 495 1772 qnae
512 1693 709 1757 consultorum
723 1695 876 1772 responsis
892 1694 1085 1774 explicantur,

81 1787 128 1838 ant
143 1779 172 1836 in
186 1775 345 1838 verborum
365 1777 605 1854 interpretatione
622 1785 687 1839 sunt
704 1778 799 1855 posito
817 1778 908 1838 autin
930 1778 1004 1838 recti
1021 1794 1086 1854 pra·

82 1864 171 1941 vique
186 1861 361 1923 discrimine.
394 1860 459 1919 Vim
477 1861 617 1940 cuiusque
635 1862 720 1921 vocis
734 1860 920 1938 intelligere,
943 1869 990 1921 aut
1009 1876 1086 1919 com·

80 1963 165 2005 mnne
182 1944 364 2024 prudentium
379 1953 424 2005 est
441 1953 489 2005 ant
504 1945 654 2023 proprium
666 1945 811 2020 ,oratoris3
829 1946 961 2023 aequitas
978 1944 1085 2022 optimo

82 2031 187 2107 cuique
204 2029 361 2091 notissima.
395 2026 457 2089 Nos
479 2037 619 2107 porroet
638 2028 744 2088 honum
761 2029 853 2086 virnm
871 2037 899 2087 ct
917 2026 1116 2105 prudentem8

80 2117 109 2174 in
132 2114 232 2191 primis
254 2122 401 2173 oratorem
422 2122 571 2192 potamos,
597 2114 646 2192 qni
668 2130 731 2172 cnm
753 2129 786 2172 se
811 2112 847 2172 ad
868 2111 912 2187 id,
939 2110 1017 2192 qnod
1041 2118 1087 2170 est

82 2200 218 2276 optimum
237 2205 355 2273 natura,
380 2196 537 2272 direxerit,
566 2213 625 2269 non
643 2213 824 2277 magnopere
846 2193 1085 2268 commovebitur,

81 2285 106 2343 si
127 2283 192 2362 quis
213 2281 249 2342 ab
271 2298 307 2341 eo
329 2281 479 2342 consultus
500 2281 669 2348 dissentiet;
693 2298 758 2349 cnm
781 2281 854 2359 ipsis
874 2279 934 2342 illis
955 2279 1086 2340 diversas

81 2368 157 2427 inter
172 2384 205 2426 se
222 2368 377 2444 opiniones
393 2366 467 2426 tueri
484 2382 657 2427 concessum
672 2367 718 2426 sit.
751 2364 811 2426 Sed
826 2366 927 2441 etiam,
945 2365 970 2423 si
986 2380 1086 2435 nosse,

82 2449 149 2528 qnid
173 2451 296 2528 quisque
318 2450 459 2526 senserit,
482 2449 580 2510 volet:
606 2449 743 2510 lectionis
764 2466 840 2527 opus
856 2458 918 2524 cst,
943 2466 1000 2527 qna
1017 2444 1087 2506 nihil

83 2535 170 2592 estin
186 2533 287 2592 studiis
302 2534 394 2592 minns
409 2532 597 2593 laboriosum.
629 2532 741 2607 Qnodsi
760 2533 912 2611 plerique,
932 2530 1116 2608 desperatas

82 2615 220 2677 facultate
244 2615 366 2693 egendi,
391 2616 428 2675 ad
444 2615 611 2677 discendnm
633 2618 677 2676 ins
698 2616 933 2677 declinaverunt:
957 2631 1041 2693 quam
1058 2611 1104 2671 id>

83 2701 160 2761 scire
177 2699 266 2759 focile
287 2707 333 2759 est
350 2702 480 2776 oratori,
500 2701 578 2778 qnod
593 2694 723 2775 discunt,
746 2701 796 2779 qni
816 2717 869 2760 sua
904 2714 1001 2776 noque
1018 2713 1086 2755 con·

82 2785 213 2846 sessione
229 2791 363 2843 oratores
377 2801 445 2843 esse
460 2801 519 2844 non
535 2780 677 2863 possunt?
707 2781 817 2867 Yerum
833 2793 861 2844 et
876 2717 914 2845 l}
931 2779 1005 2844 (lato
1023 2797 1087 2840 oum

82 2866 250 2929 indicendo
267 2868 532 2946 praestantissimus
553 2877 611 2932 tom
630 2869 701 2929 inris
721 2867 799 2929 idern
815 2867 868 2929 luit
884 2866 1086 2946 peritissimus,

83 2961 113 3012 et
129 2951 291 3013 Scaevolae
313 2952 477 3031 Servioque
494 2951 625 3032 Sulpicio
649 2968 792 3013 concessa
816 2959 860 3012 est
881 2950 967 3012 etiam
989 2951 1087 3011 iacun·

83 3037 152 3096 diae
172 3037 273 3097 virtus.
310 3035 348 3096 Et
369 3034 407 3096 Μ.
431 3036 544 3099 Tullius
564 3054 622 3100 non
646 3036 734 3097 modo
757 3037 832 3096 inter
853 3035 996 3113 agendum
1019 3044 1131 3094 nun-10

83 3137 168 3199 qnam
180 3128 225 3180 est
240 3121 394 3183 destitutus
410 3122 532 3181 scientia
545 3122 616 3182 iuris
629 3120 682 3181 sed
698 3122 784 3181 etiam
796 3137 974 3198 componere
990 3117 1088 3195 aliqua

82 3203 120 3264 de
138 3219 175 3263 eo
194 3214 351 3282 coeperet,
373 3215 404 3266 nt
417 3215 573 3286 appareat,
595 3221 685 3284 posse
704 3214 852 3268 oratorem
867 3221 925 3264 non
945 3199 1086 3262 discendo

83 3296 190 3348 tantum
213 3288 267 3347 inri
282 3306 391 3349 vacare
413 3289 466 3350 sed
483 3291 569 3352 etiam
584 3288 729 3351 docendo.
755 3288 865 3349 Verum
881 3305 933 3362 ea,
960 3301 1034 3364 quae
1050 3280 1127 3346 dell

82 3371 213 3431 moribus
231 3372 403 3435 excolendis
423 3374 579 3452 studioque
594 3375 664 3434 iuris
680 3373 892 3452 praecipimus,
915 3388 952 3429 ne
969 3368 1034 3448 quis
1050 3382 1097 3445 eo,

84 3455 184 3517 credat
199 3455 458 3535 reprehendenda,
481 3458 558 3537 qnod
575 3457 680 3517 multos
698 3457 903 3534 cognovimom
925 3454 976 3530 qui
990 3449 1088 3512 taedio
1140 3536 1146 3541 -
