2408 3854
346 179 436 229 nisu.
449 178 600 230 onnuou.
612 182 682 230 nrm
695 182 770 248 v111,
783 181 810 234 o.
1047 175 1084 238 81

162 335 269 399 Cetera
281 338 336 397 iam
351 352 409 396 non
424 336 605 414 significandi
616 338 711 414 gratia
724 335 775 397 sed
792 339 828 399 ad
840 341 1012 419 ornandam,
1029 361 1087 404 non

73 420 240 500 aagendam
265 421 424 481 orationem
451 429 640 480 assumuntur.
682 419 771 481 Ornat
794 423 868 482 enim
893 421 1130 504 intorserunt)

73 507 156 586 quod
171 516 253 567 reete
271 505 391 567 dicimus
411 505 638 583 appositum
663 505 839 566 anonnullis
860 525 1024 588 sequens
1044 512 1086 572 di·

74 593 160 652 nitur.
199 589 245 650 llo
261 598 368 670 poetae
384 597 413 649 et
428 588 609 668 frequentius
625 598 654 650 et
669 587 788 650 liberius
802 600 926 653 utuntur.
956 593 1087 673 Namque

73 675 135 737 illis
155 676 225 735 satis
249 683 294 736 est
317 674 473 734 convenire
497 673 526 733 id
540 671 650 751 verbo,
675 674 721 734 oui
744 677 916 755 apponitur,
938 679 1037 757 itaque
1059 689 1087 739 et

74 760 184 823 dentes
208 759 296 822 olbos
322 767 352 818 et
376 757 505 820 bumido
526 759 601 819 eino
621 759 650 817 in
676 759 711 817 iis
739 776 796 818 non
824 762 1085 840 reprehendemus;

74 842 153 922 apud
170 852 334 918 oratorem,
350 842 405 902 nisi
421 841 529 921 aliquid
547 842 687 918 eflicitur,
704 843 855 905 redundat.
901 845 972 907 Tum
991 856 1086 907 autem

74 927 217 1005 eiiioitur,
239 928 265 987 si
285 928 348 988 sine
368 925 436 1002 illo,
458 925 536 1005 quod
558 926 680 1002 dieitur,
702 928 794 987 minus
816 938 877 989 est:
904 930 1000 1008 qualia
1021 941 1087 992 sunt

77 1009 221 1075 Oseelus
235 1009 492 1087 abominandum,
508 1030 526 1072 o
542 1011 711 1090 deformem
721 1011 888 1075 libidinem.
921 1013 1087 1077 Exornatur
1094 1027 1127 1081 41

74 1106 173 1159 autem
192 1113 242 1156 res
263 1105 324 1157 tota
339 1096 462 1156 maxime
477 1095 728 1155 translationibus:
758 1093 921 1175 Cupiditas
936 1099 1087 1182 effrenato

74 1190 105 1242 el
121 1179 258 1244 Insonoe
271 1180 524 1243 substructiones.
557 1177 594 1239 Et
610 1179 688 1240 solet
706 1179 769 1239 lieri
785 1180 849 1241 aliis
865 1181 1005 1243 adiunctis
1024 1185 1085 1262 epi·

72 1266 177 1328 theton
193 1274 313 1344 tropus,
337 1273 367 1326 ut
385 1262 460 1344 apud
474 1262 636 1341 Vergilium
657 1263 770 1344 Turpis
785 1273 906 1344 opertus
925 1275 954 1326 et
977 1265 1087 1329 Tristis

72 1358 226 1413 aenesius.
266 1348 472 1410 Verumtamen
497 1347 563 1408 talis
586 1358 631 1408 est
658 1349 730 1410 ratio
755 1348 877 1411 huiusne
899 1351 1026 1428 virtutis,
1056 1362 1086 1413 ut

73 1435 139 1495 sine
155 1434 298 1514 appositis
312 1432 388 1494 nuda
404 1432 441 1493 sit
457 1440 487 1493 et
501 1433 582 1493 velut
597 1435 743 1512 incompta
759 1436 869 1511 oratio,
893 1444 1030 1495 oneretur
1044 1445 1084 1496 ta·

72 1536 143 1579 men
155 1518 261 1579 multis.
298 1517 371 1579 Nam
388 1517 419 1578 iit
433 1516 522 1595 longa
536 1526 565 1577 et
580 1518 734 1596 impedita,
754 1528 784 1579 ut
802 1519 843 1598 [in
854 1518 1128 1601 quaestionibus142

75 1621 142 1664 eam
152 1602 264 1664 iudices
280 1603 403 1663 similem
416 1602 521 1680 agmini
534 1602 653 1662 totidem
669 1602 743 1663 lixas
756 1602 873 1664 habenti
886 1614 956 1683 quot
966 1604 1084 1681 milites,

74 1689 122 1748 nui
138 1695 168 1747 el
189 1705 323 1748 numerus
341 1696 386 1748 est
398 1686 508 1766 duplex
523 1704 578 1746 nee
594 1686 711 1765 duplum
722 1688 838 1757 virium;
856 1705 1017 1768 quanquam
1028 1706 1085 1748 non

73 1771 192 1849 singula
209 1771 296 1832 modo
311 1771 363 1833 sed
384 1772 469 1832 etiam
486 1771 570 1848 plura
584 1771 675 1831 verba
691 1772 799 1851 apponi
815 1772 927 1832 solent:
950 1781 980 1832 ut

184 1852 330 1936 Coniupio
344 1853 479 1918 Anubise
497 1852 625 1916 Veneris
644 1857 771 1934 dionote
789 1858 931 1935 superbo.

74 1940 137 2002 Sed
152 1940 210 2000 hoe
222 1941 309 2001 modo
328 1940 385 2001 duo
400 1938 492 2000 rerba
508 1939 556 1998 uni
571 1941 704 2018 apposita
722 1957 759 1999 ne
773 1958 889 2000 versum
904 1939 1020 2017 quidem
1036 1939 1128 1999 dein

75 2024 199 2087 emerint.
233 2025 304 2086 Sunt
319 2034 430 2101 autem,
446 2021 549 2102 quibus
562 2039 619 2082 non
635 2023 768 2084 videatur
781 2023 828 2084 hie
843 2026 959 2084 omnino
972 2032 1085 2102 tropus,

74 2109 144 2189 quia
164 2109 235 2170 nihil
257 2118 362 2170 vertat.
408 2107 542 2168 Necesse
560 2116 607 2168 est
626 2127 760 2187 semper,
784 2127 847 2170 oum
869 2109 945 2170 idem
968 2109 1085 2187 apposi-

74 2202 151 2270 tum,
170 2195 195 2253 si
210 2212 226 2254 a
242 2195 363 2274 proprio
380 2193 531 2269 diviseris,
556 2210 610 2272 per
621 2197 658 2254 'se
674 2193 818 2272 significat
836 2193 949 2254 etfacit
965 2201 1084 2253 autono-

73 2278 203 2339 matiam.
248 2276 321 2338 Nam
336 2279 361 2337 si
379 2279 475 2354 dieas,
496 2274 571 2354 Ille,
589 2280 643 2356 qui
657 2275 853 2341 Numantiam
875 2286 903 2340 et
924 2274 1086 2356 Oui-toour-

73 2381 146 2424 nem
157 2365 283 2424 evertit:
299 2362 496 2423 antonomasia
508 2370 569 2430 est;
587 2363 611 2420 si
623 2363 767 2423 adieceris
774 2361 900 2442 Scipio:
911 2363 1085 2441 appositum.

74 2444 142 2506 Non
156 2455 254 2526 potest
272 2463 345 2524 ergo
362 2465 429 2506 esse
445 2447 580 2506 iunctum.
1093 2447 1128 2500 44

59 2549 64 2553 ·
162 2530 201 2591 m
218 2520 443 2612 ἀλληγορία,
468 2547 552 2608 quam
576 2531 830 2590 inversionem
851 2531 1085 2608 interpretantur,

73 2623 126 2676 aut
151 2613 228 2675 aliud
242 2615 341 2675 verbis
357 2615 435 2676 aliud
456 2631 544 2673 seusu
561 2614 687 2674 ostendit
708 2622 756 2673 aut
777 2616 862 2674 etiam
884 2614 997 2674 interim
1018 2628 1086 2672 oon·

73 2700 204 2760 irarium.
245 2697 327 2759 Prius
348 2699 380 2760 iit
395 2716 488 2776 genus
507 2697 679 2777 plerumque
701 2697 872 2758 continuatis
893 2697 1086 2759 translationi·

74 2781 147 2843 bus:
165 2792 196 2843 ut

283 2866 309 2928 O
324 2869 432 2944 noeis,
449 2865 585 2946 referent
599 2869 632 2929 in
648 2887 736 2930 mure
751 2876 780 2931 te
795 2869 865 2930 nooa‘

283 2950 430 3097 {luctum
445 2971 463 3013 o
479 2953 555 3030 quid
568 2953 660 3030 opis?
673 2951 795 3032 fortiter
809 2971 930 3033 oeeupo

308 3043 417 3113 ortum,

73 3129 215 3200 totusque
236 3121 288 3182 ille
304 3120 415 3181 Horatii
432 3120 533 3196 loeus,
556 3137 613 3199 quo
631 3139 734 3182 navem
753 3138 808 3201 pro
828 3140 861 3182 re
884 3120 1017 3201 publiea,
1036 3118 1086 3178 fln-

75 3213 141 3265 otus
161 3215 190 3266 et
205 3213 394 3285 tempestates
414 3221 468 3283 pro
484 3203 571 3265 bellis
588 3205 736 3283 civilibus,
753 3216 868 3285 portum
885 3222 940 3286 pro
956 3220 1031 3283 pane
1046 3209 1084 3260 at·

74 3307 135 3369 que
152 3290 311 3351 eoncordia
327 3290 405 3350 dicit.
443 3287 514 3349 'lale
530 3287 656 3350 Lucretii
1095 3300 1132 3349 sn

164 3393 167 3399 ·
331 3371 410 3436 Aoio
431 3370 589 3436 Pieridum
598 3392 736 3453 peropro
752 3376 833 3451 loeo,

76 3466 107 3518 el
124 3456 250 3536 Vergilii

121 3563 151 3600 m.
172 3564 196 3602 r.
220 3562 335 3611 ournrrn.
353 3546 386 3601 ΙΙ.
906 3543 930 3603 Vr
