2408 3854
121 203 162 264 32
438 216 473 262 u.
490 214 568 261 unu.
585 214 805 274 qururmrenr

76 378 164 434 38est
180 370 271 444 enim,
289 369 336 446 qui
351 377 447 444 negat.
486 366 627 440 Quantum
642 368 812 448 acceperut
834 387 870 429 an
886 368 1066 431 reddiderit?
1089 388 1124 431 an

119 455 266 533 protinus,
285 454 333 530 qui
345 468 402 511 non
413 450 551 526 reddidit,
568 453 696 528 ingratus
711 450 768 512 sit?
787 470 823 511 an
836 454 965 531 potuerit
976 450 1124 514 reddere?

119 555 155 597 an
179 537 223 612 id,
249 535 326 615 quod
353 534 544 611 exigebatur,
573 533 727 595 debuerit?
750 553 808 615 quc
831 537 924 597 animo
949 533 1007 596 sit?
1051 538 1123 598 Sim·

119 622 258 700 pliciores
283 619 352 679 illae
377 620 507 677 iniusti
529 618 698 697 repudii,
726 618 779 680 sub
795 638 851 698 quc
867 620 936 696 lege
954 628 1123 681 controver-

118 707 179 764 siae
196 704 266 764 illud
282 704 430 781 proprium
445 701 569 777 liabent,
587 703 664 781 quod
678 722 694 763 a
708 712 793 781 parte
811 705 973 763 accusantis
990 702 1124 765 defensio

74 801 111 856 39
120 796 164 846 est
185 795 215 846 et
236 785 418 846 defendentis
436 788 594 846 accusatio.
637 787 810 864 Praeterea,
835 806 899 848 curn
918 789 981 866 quis
1006 782 1123 849 ratio·

118 889 193 930 nem
215 872 347 930 mortis
375 871 403 928 in
424 870 532 929 Senatu
556 871 667 945 reddit,
685 869 734 930 ubi
750 889 806 930 una
823 873 956 950 quaestio
974 881 1020 931 est
1041 873 1122 948 iuris,

120 955 165 1016 dn
186 956 209 1011 is
235 955 348 1014 demum
371 953 567 1032 prohibendus
591 955 644 1029 sit,
672 956 720 1033 qui
735 956 897 1030 morirult,
920 954 951 1014 ut
971 973 1004 1015 se
1027 955 1123 1034 legum

118 1038 279 1100 actionibus
292 1036 453 1103 subtrahat;
472 1044 571 1097 cetera
587 1038 742 1116 qualitatis.
781 1037 939 1116 Finguntur
955 1048 984 1098 et
1000 1047 1059 1099 tes
1069 1048 1123 1099 ta·

118 1132 251 1198 menta,
279 1124 306 1182 in
333 1121 435 1199 quibus
461 1120 497 1181 de
521 1121 585 1181 sola
608 1131 777 1199 quaeratur,
802 1131 833 1181 ut
857 1124 885 1182 in
912 1123 1122 1199 controversia,

118 1226 201 1285 quarn
229 1224 316 1286 supra
342 1206 479 1284 exposui,
510 1207 538 1264 in
561 1223 616 1282 qua
647 1205 683 1265 de
713 1215 795 1283 parte
822 1207 984 1284 patrimonii
1010 1214 1123 1286 quarm,

118 1309 201 1369 quam
224 1299 307 1369 pater
330 1289 497 1366 dignissimo
518 1307 556 1347 ex
578 1288 643 1348 liliis
667 1288 842 1368 reliquerat,
861 1288 1039 1350 contendunt
1062 1289 1122 1370 plri-

117 1375 274 1452 losophus,
296 1373 441 1447 medicus,
455 1381 563 1432 orator.
598 1371 684 1445 Quod
698 1371 772 1432 idern
789 1373 908 1449 accidit,
926 1375 950 1432 si
966 1373 1058 1434 orbae
1073 1390 1122 1433 nu·

118 1460 192 1536 ptias
215 1458 340 1518 indicant
356 1474 441 1535 pares
457 1457 565 1532 gradu,
592 1465 620 1515 et
636 1458 660 1515 si
676 1459 750 1516 inter
767 1459 947 1536 propinquos
963 1456 1000 1517 de
1016 1457 1124 1517 idoneo

73 1550 281 1621 doquaeratur.
327 1540 386 1600 Sed
400 1558 456 1600 nec
474 1556 574 1599 omnes
586 1540 654 1599 mihi
671 1542 810 1619 persequi
828 1543 963 1601 materias
980 1543 1009 1600 in
1029 1541 1124 1601 animo

116 1633 178 1700 est,
200 1625 268 1702 lingi
289 1626 363 1683 enirn
383 1624 476 1684 adbuc
500 1633 636 1703 possunt;
658 1643 713 1683 nec
735 1640 835 1685 omnes
858 1643 956 1686 earum
974 1623 1123 1703 quaestio·

116 1727 185 1784 nes,
204 1709 270 1786 quia
285 1707 478 1786 positionibus
493 1716 645 1768 mutantur.
691 1707 753 1767 Hoc
769 1717 876 1769 tanturn
892 1709 1034 1784 admiror,
1058 1706 1122 1768 Fla·

115 1811 197 1867 vum,
219 1792 300 1851 cuius
315 1792 391 1870 apud
407 1810 453 1853 me
469 1810 577 1853 summa
592 1801 637 1851 est
652 1793 828 1875 auctoritas,
847 1811 912 1852 cum
929 1800 1020 1852 artern
1036 1791 1122 1852 sclro·

116 1877 162 1936 lae
180 1884 287 1936 tantum
304 1886 509 1954 componeret,
529 1886 585 1935 tarn
602 1885 724 1954 anguste
736 1878 882 1937 materiam
900 1875 1047 1955 qualitatis
1064 1882 1122 1935 ter·

116 1978 250 2020 mirasse.

73 2057 106 2110 ιι
200 2043 396 2117 Quantitas
419 2060 555 2122 qaoque,
578 2051 609 2101 ut
626 2042 701 2119 dini,
726 2045 836 2102 etiamsi
852 2061 909 2103 non
925 2060 1043 2122 semper
1060 2042 1122 2122 ple·

116 2145 235 2206 rumque
258 2135 353 2187 tamen
375 2127 469 2187 eidem
490 2125 639 2200 subiacet,
674 2145 727 2185 sen
751 2126 827 2186 modi
850 2137 895 2186 est
921 2144 972 2186 seu
1000 2126 1122 2186 numeri.

116 2210 174 2270 Sed
195 2210 297 2269 modus
319 2209 472 2287 aliquando
494 2217 608 2268 constat
628 2211 827 2269 aestimatione
847 2210 931 2285 lacti,
955 2218 1062 2288 quanta
1087 2210 1124 2269 sit

116 2293 218 2372 culpa,
244 2302 415 2372 quantumve
438 2292 625 2361 beneficium
663 2292 817 2371 aliquando
844 2295 922 2370 iure,
949 2311 1013 2353 cum
1041 2292 1070 2352 id
1096 2293 1124 2352 in

27 2375 30 2380 ’
117 2377 344 2438 controversiam
366 2377 461 2452 venit,
487 2394 543 2455 qua
559 2377 623 2454 quis
644 2375 713 2454 lege
731 2377 890 2456 puniendus
907 2377 957 2437 vel
978 2375 1122 2443 honoran-

74 2462 169 2521 dtdus
191 2461 237 2519 sit.
288 2462 441 2539 stuprator
466 2459 568 2519 decem
594 2460 671 2519 milia
694 2461 763 2520 dare
784 2460 906 2536 debeat,
930 2477 1004 2540 quae
1027 2475 1124 2538 poena

116 2544 182 2605 huic
201 2544 310 2604 crimini
327 2545 481 2603 constituta
502 2551 564 2612 est;
592 2561 642 2619 an,
662 2546 727 2622 quia
744 2554 890 2622 stupratus
905 2562 938 2604 se
961 2543 1123 2622 suspendit,

117 2630 212 2708 capite
228 2629 322 2708 puniri
339 2636 472 2706 tanquam
489 2645 577 2687 causa
591 2624 713 2687 mortis?
757 2627 821 2701 Quo
837 2631 866 2687 in
888 2645 1001 2705 genere
1019 2627 1123 2688 lallan-

116 2722 178 2788 tur,
210 2713 258 2789 qui
287 2713 326 2770 ita
352 2711 465 2785 dicunt,
491 2721 626 2790 tanquam
653 2713 728 2771 inter
752 2711 822 2771 duas
844 2712 929 2789 leges
957 2719 1122 2790 quaeratur.

116 2794 188 2854 Nam
206 2795 242 2855 de
265 2795 366 2855 decern
385 2793 500 2854 milibus
514 2794 592 2854 nulla
609 2797 809 2856 controversia
824 2805 885 2872 est,
911 2813 986 2875 quae
1001 2812 1057 2855 nec
1072 2810 1123 2874 pe·

74 2880 220 2941 sitiuntur.
258 2878 396 2939 Iudicium
411 2879 555 2954 redditur,
572 2895 608 2938 an
622 2898 690 2938 reus
707 2896 794 2939 causa
809 2881 853 2954 sit,
866 2881 976 2939 mortis.
1006 2877 1039 2939 In
1054 2892 1124 2938 con·

116 2963 256 3022 lecturam
280 2979 397 3042 quoque
420 2962 520 3022 eadem
545 2964 667 3040 species¹
684 2963 775 3038 cadit,
805 2981 886 3037 cum,
915 2969 1060 3042 perpetuo
1089 2976 1124 3021 en

117 3046 320 3124 quinquennali
341 3049 378 3106 sit
400 3047 488 3107 exilio
508 3047 686 3122 multandus,
703 3049 731 3106 iu
751 3047 979 3107 controversiam
999 3045 1122 3104 venerit.

116 3129 161 3189 An
177 3130 304 3208 prudens
320 3132 439 3192 caedem
455 3133 630 3192 commiserit
642 3140 797 3209 quaeratur.
833 3129 886 3190 llla
904 3145 1033 3207 quoque,
1048 3144 1124 3206 quac

75 3217 153 3274 alex
170 3230 290 3274 numero
307 3214 438 3290 ducitur,
455 3214 564 3293 pendet
580 3232 617 3273 ex
633 3215 712 3273 iure:
736 3213 781 3272 Au
799 3212 982 3288 Thrasybulo
1005 3212 1124 3289 triginta

117 3299 244 3377 praemia
260 3296 443 3359 debeantur?
464 3307 510 3374 et,
529 3295 600 3357 Cum
616 3297 672 3356 duo
685 3297 764 3356 iures
777 3298 927 3375 pecuniam
940 3294 1123 3370 abstulerint,

115 3381 468 3461 separatimquadruplum
477 3382 600 3459 quisque
613 3398 647 3440 an
661 3380 776 3458 duplum
783 3377 910 3440 debeat?
924 3378 983 3438 Sed
991 3379 1040 3439 hic
1051 3394 1124 3458 quo·

116 3481 173 3542 que
183 3465 289 3526 lactum
302 3468 478 3540 aestimatur,
491 3474 520 3524 et
533 3465 685 3524 tameuius
697 3465 790 3541 ipsum
804 3463 911 3542 pendet
923 3480 959 3522 ex
973 3462 1124 3539 qualitate.

117 3582 254 3636 A
