2408 3854
397 188 821 256 nmen.onanon.n1a.x,a.
1048 179 1106 243 too

105 345 133 404 in
153 343 210 404 iilis
230 360 300 402 vera
325 344 353 401 in
377 340 421 400 his
439 342 604 403 assimulata
619 345 737 403 materia
755 353 809 402 est.
848 343 932 403 Adde
957 343 1034 422 quod
1058 363 1104 422 ea,

104 427 222 507 quaein
241 435 358 485 oratore
374 427 495 484 maxima
510 435 591 500 sunt,
616 426 762 486 imitabilia
776 444 834 486 non
848 435 929 501 sunt,
951 429 1106 505 ingenium,

103 512 248 584 inventio,
264 510 325 582 vis,
348 507 472 568 facilitas
494 518 524 569 et
546 509 682 587 quidquid
703 518 764 569 arte
788 527 846 569 non
867 511 996 571 traditur.
1037 512 1106 572 ldeo
1117 525 1152 578 13

104 595 256 672 plerique,
275 609 340 652 cnm
359 592 449 651 verba
473 594 613 669 quaedam
636 593 872 653 exorationibus
893 600 1108 673 'excerpsemnt

103 687 151 737 aut
164 677 278 756 aliquos
297 675 516 753 compositionis
531 685 628 736 certos
645 676 755 754 pedes,
778 679 849 737 mire
870 696 953 754 ase,
976 696 1050 756 quae
1066 679 1107 739 le·

102 770 217 838 gerunt,
235 759 334 835 silingi
349 759 536 827 arbitrantur;
563 778 626 819 eum
648 769 677 819 et
701 761 791 822 rerba
813 762 984 822 intercidant
999 763 1107 822 invale-

102 853 243 921 scantque
258 842 448 921 temporibus,
465 852 495 902 ut
510 860 631 921 quorum
648 846 807 904 certissima
826 847 863 905 sit
874 845 977 923 regula
993 849 1021 905 in
1039 864 1108 906 con·

102 927 265 1002 suetudine,
283 943 376 1004 eaque
391 942 448 984 non
463 944 514 986 sua
529 936 629 988 natura
646 930 702 986 sint
717 928 792 989 bona
808 937 857 988 aut
868 930 943 988 mala
960 929 1039 1007 (nam
1054 948 1109 1008 per

102 1028 135 1070 se
157 1012 220 1070 soni
244 1019 350 1069 tantum
375 1012 460 1088 sunt)
485 1011 537 1071 sed
560 1020 646 1089 prout
667 1021 830 1090 opportune
852 1014 1030 1091 proprieque
1059 1022 1108 1073 ant

101 1112 187 1154 secus
206 1094 351 1154 collocata
366 1102 445 1160 sunt:
469 1103 498 1153 et
513 1095 685 1172 compositio
709 1113 773 1154 cum
787 1094 876 1156 rebus
892 1095 1108 1157 accommodata

100 1180 138 1237 sit
152 1187 210 1236 tum
229 1179 293 1255 ipsa
307 1178 448 1237 varietate
464 1179 635 1255 gratissima.

186 1260 374 1339 Quapropter
393 1262 579 1321 exactissimo
599 1261 704 1321 indicio
723 1263 801 1322 circa
822 1261 895 1321 hanc
918 1272 1030 1340 partem
1050 1271 1153 1327 stu-14

102 1345 212 1406 diorum
230 1344 417 1405 examinanda
431 1353 497 1404 sunt
511 1347 615 1405 omnia.
642 1345 776 1420 Primum,
789 1361 863 1423 qnos
874 1347 1026 1420 imitemur,
1042 1362 1107 1406 nam

101 1437 167 1487 sunt
183 1428 308 1507 plurimi,
322 1430 370 1505 qui
386 1426 598 1489 similitudinem
609 1431 728 1507 pessimi
745 1430 884 1507 cuiusque
901 1439 930 1488 et
948 1431 1107 1509 corruptis·

101 1513 164 1571 simi
181 1513 404 1589 concupierunt;
431 1520 489 1571 tum
509 1513 538 1572 iu
561 1514 643 1591 ipsis,
660 1530 735 1591 qnos
754 1513 948 1589 elegerimus,
975 1513 1043 1591 quid
1059 1515 1106 1588 sit,

101 1596 136 1656 ad
152 1596 230 1673 qnod
242 1611 295 1654 nos
308 1595 492 1655 efficiendum
505 1613 716 1674 comparemus.
745 1595 816 1655 Nam
831 1600 860 1655 in
870 1599 980 1674 magnis
995 1608 1152 1676 quoquels

100 1678 268 1738 auctoribus
284 1679 410 1738 incidunt
429 1679 524 1759 aliqua
539 1681 644 1739 vitiosa
661 1688 690 1738 et
702 1698 718 1739 a
730 1679 824 1739 doctis
836 1682 911 1739 inter
924 1682 1006 1758 ipsos
1020 1683 1107 1741 etiam

100 1770 198 1821 mutuo
215 1761 407 1840 reprehensa:
425 1761 511 1840 atque
528 1764 634 1823 utinam
649 1772 706 1822 tam
723 1762 798 1822 bona
818 1764 959 1823 imitantes
975 1763 1108 1824 dicerent

99 1844 203 1905 melius
226 1863 309 1922 quam
327 1845 401 1904 mala
418 1849 501 1923 peius
518 1846 623 1906 dicunt.
661 1844 724 1905 Nec
739 1863 810 1905 vero
824 1845 925 1905 saltem
941 1848 986 1922 iis,
1003 1846 1107 1924 quibus

99 1929 135 1990 ad
154 1929 286 1988 evitanda
300 1930 370 1988 vitia
388 1929 484 1989 iudicii
506 1931 576 1989 satis
596 1930 663 2004 init,
687 1928 813 1988 suliieiat
830 1931 980 2005 imaginem
993 1933 1106 1990 virtutis

101 2012 243 2089 ellingere
260 2022 290 2072 et
303 2013 406 2088 solam,
421 2021 452 2072 ut
466 2015 509 2072 sic
523 2013 654 2089 dixerim,
672 2022 766 2073 cutem
781 2013 829 2072 rel
846 2015 942 2091 potius
958 2012 1024 2074 illas
1036 2013 1106 2092 lipi-

101 2098 161 2156 curi
177 2097 302 2173 ligurus,
326 2114 398 2175 quas
421 2116 437 2156 e
457 2099 574 2156 summis
595 2096 767 2176 corporibus
789 2097 858 2156 dicit
877 2096 1009 2158 eiiluere.
1043 2097 1107 2160 doc
1116 2106 1153 2165 16

100 2189 194 2239 autem
209 2179 254 2239 his
270 2180 392 2256 accidit,
416 2183 464 2260 qui
484 2198 542 2241 non
558 2182 745 2260 introspectis
761 2183 875 2261 penitus
895 2180 1048 2243 virtutibus
1070 2184 1106 2244 ad

100 2265 220 2340 primum
236 2283 270 2323 se
286 2264 366 2324 velut
382 2275 531 2343 aspectum
548 2265 686 2327 orationis
703 2274 850 2342 aptarunt;
868 2274 898 2325 et
913 2284 977 2326 curn
992 2269 1027 2327 iis
1042 2267 1105 2327 ieli-

100 2348 216 2406 cissime
229 2349 320 2407 cessit
332 2349 468 2409 imitatio:
483 2349 583 2409 verbis
596 2358 683 2428 atque
699 2351 824 2409 numeris
841 2359 906 2410 sunt
919 2367 977 2409 non
988 2351 1106 2411 multum

99 2430 284 2506 differentes,
306 2432 363 2490 vim
386 2433 500 2493 dicendi
524 2443 611 2512 atque
633 2434 806 2493 inventionis
827 2450 885 2494 non
901 2444 1104 2511 assequuntur,
1190 2454 1194 2459 ·

99 2512 151 2573 sed
169 2513 340 2591 plerumque
357 2513 501 2576 declinant
520 2519 549 2575 in
564 2519 648 2595 peius
670 2525 699 2575 et
714 2513 845 2594 proxima
868 2516 1019 2575 virtutibus
1036 2517 1105 2576 vitia

99 2594 347 2672 comprehendunt
364 2597 491 2676 fiuntque
506 2616 560 2677 pro
575 2597 732 2676 grandibus
745 2599 853 2674 tumidi,
871 2600 981 2677 pressis
999 2599 1103 2674 exiles,

98 2677 222 2738 fortibus
237 2681 392 2755 temerarii,
410 2681 494 2740 laetis
507 2683 647 2761 corrupti,
664 2683 834 2760 compositis
846 2682 1020 2757 exultantes,
1038 2683 1104 2742 sim-

97 2761 222 2840 plicibus
240 2762 433 2840 negligentes.
465 2762 595 2842 ldeoque'
613 2766 661 2842 qni
676 2764 793 2825 horride
809 2773 896 2843 atque
912 2767 1105 2844 incomposite
1114 2774 1150 2831 17

98 2845 254 2924 quamlibet
280 2845 352 2906 illud
376 2845 511 2923 frigidum
541 2857 571 2906 et
595 2850 679 2908 inane
707 2848 887 2925 extulemnt,
918 2851 1041 2928 antiquis
1070 2868 1105 2909 se

97 2947 185 3007 pares
202 2929 335 2997 credunt;
352 2931 400 3008 qui
421 2931 615 2992 carentoultu
632 2942 719 3011 atque
737 2934 904 3009 sententiis,
925 2932 1030 2993 Atticis
1047 2933 1104 2993 sci·

98 3013 182 3081 licet;
201 3016 248 3092 qui
263 3014 406 3092 praecisis
426 3015 662 3075 conclusionibus
678 3016 813 3091 obscuri,
833 3016 998 3077 Sallustium
1014 3027 1103 3096 atque

98 3094 295 3172 Thucydidem
311 3107 462 3176 superant;
479 3101 577 3158 tristes
587 3118 622 3159 ac
637 3101 725 3159 ieiuni
734 3099 896 3160 Pollionem
908 3102 1101 3168 aemulantum

97 3180 184 3239 otiosi
201 3189 231 3239 et
247 3183 352 3259 supini,
368 3182 392 3241 si
408 3182 475 3261 qnid
490 3183 577 3243 modo
594 3184 709 3261 longius
726 3183 993 3260 circumduxerunt,
1009 3186 1104 3243 iurant

96 3264 136 3323 ita
153 3260 327 3324 Ciceronem
350 3265 512 3326 locuturum
531 3268 632 3328 inisse.
662 3266 808 3328 Noveram
824 3268 982 3347 quosdam,
1001 3269 1049 3346 qui
1069 3285 1101 3325 se
1111 3261 1147 3332 18

96 3346 219 3426 pulchre
243 3350 427 3426 expressisse
448 3369 541 3427 genus
562 3350 634 3411 illud
664 3351 805 3412 coelestis
826 3351 909 3411 huius
929 3350 1100 3413 indicendo

94 3431 149 3492 viri
164 3430 219 3491 sibi
233 3431 417 3509 viderentur,
433 3435 501 3493 siin
517 3434 646 3495 clausula
662 3437 831 3514 posuissent
853 3432 935 3496 Esse
951 3435 1124 3492 uideamur.
