2376 3840
327 183 419 234 msc.
430 182 580 234 oneror.
596 182 666 229 cm.
678 180 752 248 v111,
764 180 790 232 s.
1016 169 1057 233 os

56 340 180 400 sidunt:
202 340 248 400 ito
269 346 376 419 turpes
396 355 436 398 oc
448 338 654 416 perniciosos,
676 338 795 398 etiamsi
809 339 896 399 uobis
909 337 1059 416 soupuine

56 423 261 500 cohaereant,
282 424 494 502 amputandos.
531 418 590 480 lam
606 420 754 480 sublimius
776 420 847 481 iilud
864 438 917 498 pro
932 419 1057 482 Archia:

23 568 28 583 ,
56 504 145 568 Suco
160 514 254 585 atque
268 507 446 568 solitudines
458 505 526 567 ooci
539 505 735 583 respondent,
757 506 873 566 bestico
892 523 986 583 saepe
1000 508 1057 566 im·

55 608 162 652 munes
185 598 278 651 contu
301 588 464 668 flectuntur
487 598 578 665 utque
599 589 767 650 consistunt
786 599 815 648 et
833 599 941 648 cetere.
973 588 1058 662 Quod
1067 598 1102 654 to

55 673 172 753 quidem
195 690 288 751 genus
315 691 332 734 a
360 673 531 752 quibusdam
554 671 762 732 decluuterie
787 675 921 740 merim
942 673 1061 733 licentis

56 768 226 837 corruptum
248 767 304 817 cst.
341 757 415 817 Num
437 756 711 832 etbbisutuntur,
735 775 790 818 nec
811 757 929 833 illeiis,
955 757 1058 836 quihus

56 841 165 902 sintita
180 841 275 902 vitun·
295 841 411 917 volunt,
438 840 594 919 applicant.
638 841 766 914 Quorum
794 851 946 919 utrumque
967 841 1059 901 inhio

57 934 112 1003 est,
128 943 207 1005 quoe
217 944 263 986 mo
277 928 381 986 iuvene
395 924 503 1003 ubique
516 926 624 984 cantori
636 924 783 985 solebant:
804 924 987 1004 Mopuorum
1000 923 1059 1003 tiu-

56 1013 169 1071 minum
182 1011 374 1089 uooipuoites
385 1011 485 1088 sontes
499 1017 578 1084 sunt,
597 1017 626 1067 et
641 1011 848 1072 Generosioris
860 1012 983 1072 arboris
994 1019 1059 1072 sto-

57 1096 107 1155 tim
129 1094 245 1173 plauto
268 1113 338 1156 eum
357 1096 461 1172 [ructu
486 1102 541 1154 est.
583 1091 615 1152 In
638 1094 713 1152 omni
737 1102 832 1153 autem
853 1094 995 1173 parabole
1012 1101 1101 1158 auttt

57 1179 210 1257 praecedit
224 1178 397 1253 similitudo,
412 1194 460 1236 res
477 1177 624 1256 sequitur,
641 1186 689 1236 cut
705 1179 855 1256 praecedit
876 1196 924 1237 res
940 1187 969 1238 et
984 1181 1059 1238 simi·

57 1262 147 1322 litudo
166 1264 306 1340 sequitur.
345 1261 404 1322 Sed
419 1261 532 1321 interim
549 1260 640 1320 libere
662 1270 690 1320 et
705 1270 840 1340 seperate
856 1272 914 1330 est;
936 1264 1059 1338 interim,

58 1345 134 1426 quod
151 1345 241 1423 longe
257 1347 395 1424 optimum
410 1354 470 1421 eet,
491 1361 554 1404 cum
570 1362 614 1421 re,
629 1347 710 1405 cuius
729 1355 774 1406 est
788 1349 893 1423 imago,
911 1348 1058 1406 connecti-

58 1440 112 1505 tur,
136 1429 295 1490 collatione
314 1432 437 1489 invicem
452 1429 659 1508 respondente,
680 1430 757 1508 quod
769 1431 838 1491 iecit
852 1430 975 1490 redditio
992 1448 1060 1490 con·

57 1515 162 1590 truria,
187 1531 263 1592 quoe
284 1505 480 1585 ἆνταπόδοσις
498 1514 609 1572 dicitur.
651 1513 803 1575 Praecedit
823 1514 978 1575 similitudo
999 1514 1060 1591 illa,
1069 1523 1104 1578 78

59 1599 138 1657 cuius
154 1599 241 1658 modo
258 1598 316 1658 ieci
331 1599 523 1657 mentionem:

471 1679 606 1742 -Inde
622 1683 758 1758 lupiceu

278 1767 431 1846 Raptores
444 1772 516 1828 otro
530 1766 563 1825 in
577 1767 689 1827 nodulo
703 1800 754 1823 —.

59 1851 196 1928 Sequitur
215 1851 351 1929 imprimo
368 1848 534 1927 Georgicon
555 1858 622 1927 post
640 1848 755 1926 longam
772 1849 807 1908 de
825 1848 911 1907 bellis
929 1848 1061 1907 civilibus

59 1941 144 2012 etque
163 1936 291 1994 externis
307 1935 566 2012 conquestionem:

145 2015 194 2094 Ut,
211 2038 280 2079 cum
296 2019 477 2080 carceribus
490 2036 558 2078 sese
571 2017 706 2099 effudere
726 2016 908 2094 quadripes,

144 2103 278 2164 Addunt
290 2104 323 2162 in
336 2104 459 2181 spatio,·
475 2109 503 2162 et
513 2101 636 2179 frustra
652 2101 825 2162 retinaculo
841 2102 968 2161 tendens

143 2184 257 2246 Fertur
271 2188 357 2264 equis
371 2189 495 2264 euripo,
509 2200 607 2263 neque
625 2186 714 2247 audit
729 2203 843 2247 currus
857 2184 1004 2246 dodonus.

58 2268 116 2330 Sed
143 2268 219 2329 hoec
244 2279 309 2330 sunt
336 2272 399 2330 sine
430 2269 612 2348 antapodosi.
657 2268 791 2329 Redditio
815 2277 911 2328 nutem
931 2269 981 2329 illu
1002 2277 1104 2334 remit)

57 2361 225 2431 utramque,
253 2371 337 2433 quam
359 2361 524 2432 comparat,
551 2354 633 2413 velut
653 2353 768 2413 subiicit
788 2352 881 2413 oculis
905 2363 934 2413 et
954 2354 1064 2431 puriter

58 2437 195 2497 ostendit.
242 2436 329 2498 Cuius
359 2438 511 2515 praeclare
537 2438 612 2516 apud
639 2437 800 2515 Vergilium
824 2436 912 2496 multa
944 2438 1061 2513 reperio

58 2519 210 2600 exemplo,
237 2522 291 2582 sed
313 2524 448 2582 oratoriis
467 2521 564 2600 potius
589 2521 724 2581 utendum
756 2530 809 2580 est.
852 2519 931 2579 Dicit
957 2518 1061 2580 Cicero

56 2622 109 2684 pro
132 2602 268 2666 Murena:
295 2604 332 2667 Ut
348 2607 435 2667 oium
454 2609 486 2666 iu
503 2604 632 2666 &oecis
652 2604 822 2681 artificibus
843 2622 895 2664 eos
917 2605 1064 2665 outoedos

57 2707 141 2765 esse,
165 2691 220 2767 qui
240 2691 411 2751 citharoedi
429 2689 500 2768 fieri
513 2707 574 2751 nou
586 2691 756 2768 potuerint:
777 2689 824 2756 sic
844 2688 1062 2762 possidemus,

56 2775 110 2851 qui
125 2780 269 2835 oratores
284 2775 418 2836 erodere
432 2792 492 2834 uon
505 2776 674 2852 potuerint,
698 2790 749 2834 eos
767 2772 811 2832 ud
830 2772 909 2831 iuris
928 2772 1063 2832 stitutione

56 2858 222 2919 dicortme.
262 2856 336 2917 illud
356 2875 409 2936 pro
435 2857 539 2917 eodem
559 2858 615 2917 iam
632 2873 727 2935 paene
748 2855 867 2934 poetico
887 2856 989 2935 spiritu
1010 2855 1105 2918 sedeo

56 2950 233 3002 tamencum
250 2958 302 3002 sua
319 2941 498 3017 redditione,
520 2943 598 3018 quod
621 2950 667 3001 est
690 2940 877 3001 adornatum
899 2957 1062 3001 accommo-

56 3025 167 3086 tetius:
184 3023 266 3087 Num
279 3035 314 3087 ut
331 3033 523 3103 tempestates
546 3043 641 3104 scope
664 3032 748 3087 certo
768 3026 871 3103 atiquo
887 3026 964 3087 coeii
978 3027 1064 3104 sipno

56 3116 299 3186 commoventur,
316 3126 412 3189 soepe
424 3109 609 3188 improvisae
622 3111 707 3171 nutui
722 3127 762 3171 eo
777 3117 862 3171 certo
879 3111 999 3172 ratione
1013 3111 1063 3171 oo·

54 3211 153 3256 seura
172 3195 280 3272 utiquc
293 3213 334 3254 em
349 3211 448 3256 causo
463 3194 675 3254 concitantur:
693 3197 740 3255 sio
754 3194 787 3254 iu
802 3194 861 3254 doc
875 3195 1064 3255 comitiorum

55 3284 235 3358 tempestato
249 3279 396 3358 populari
414 3296 509 3356 scope
527 3278 695 3356 iutetlipos,
723 3293 782 3356 quo
807 3279 894 3356 siquo
917 3282 1065 3339 commoto

55 3362 112 3431 m‘tr
123 3364 225 3442 'saepe
237 3364 283 3423 ita
297 3362 432 3424 obscuro
453 3369 507 3437 est,
521 3369 555 3422 ut
569 3363 637 3423 sine
651 3378 749 3423 causo
763 3365 900 3424 excitato
910 3363 1064 3426 oideotrtr.

56 3444 129 3505 Sunt
145 3444 258 3507 etillac
271 3444 394 3506 breves:
420 3443 498 3523 Vopi
512 3462 574 3524 per
593 3447 688 3507 miuus
706 3449 767 3506 ritu
780 3446 931 3523 ferorum,
948 3454 978 3505 et
993 3444 1100 3505 illud8t
