2408 3854
123 200 161 258 74
432 210 468 257 nr.
486 209 564 255 uns.
583 207 803 267 QUINTILIANI

121 365 179 426 lata
199 371 342 424 structura
360 371 458 438 caret,
480 380 543 422 eum
563 363 613 423 illa
628 361 751 421 rotunda
767 370 796 421 et
810 361 936 440 undique
953 360 1123 422 circumcisa

77 448 253 514 asinsistere
276 448 399 505 invicem
419 455 572 524 nequeant.
617 445 738 506 Praeter
764 445 821 504 hoc
845 447 931 504 etiam
952 444 1038 504 color
1061 446 1123 522 ipse

121 532 235 593 dicendi
251 529 408 610 quamlibet
424 531 526 605 claris,
545 530 641 590 multis
656 538 751 589 tamen
763 547 798 589 ec
808 531 896 588 variis
908 526 989 587 velut
1004 528 1122 589 maculis

121 617 333 695 conspergitur.
365 613 466 689 Porro,
482 623 512 673 ut
530 614 613 674 ailert
630 614 725 674 lumen
736 613 837 673 clavus
850 629 996 692 purpurae
1011 614 1041 671 in
1057 611 1121 672 loco

120 703 262 760 insertus:
280 700 319 758 ita
337 706 417 757 certe
437 700 578 757 neminem
596 698 700 758 deceat
720 699 876 757 intertexta
899 695 1032 775 pluribus
1048 697 1120 755 uotis

77 785 219 848 livestis.
252 781 359 857 Quare,
377 781 447 841 licet
461 782 534 841 haec
557 791 587 842 et
603 784 696 841 nitere
720 790 749 840 ει
766 781 946 859 aliquatenus
962 787 1066 839 extare
1082 781 1120 838 vi·

120 869 250 943 deantur,
267 874 362 926 tamen
378 874 406 924 et
424 864 528 925 lumina
545 866 596 926 illa
613 881 670 924 non
686 864 817 925 dammae
829 864 882 925 sed
896 863 1032 924 scintillis
1048 865 1120 924 inter

119 951 225 1010 fumum
250 949 436 1009 emicantibus
458 950 560 1009 similia
584 950 705 1017 dixeris;
729 949 826 1027 (quae
848 966 885 1009 ne
899 956 1043 1028 apparent
1060 948 1118 1027 qui-

119 1035 203 1110 dem,
227 1034 275 1093 ubi
296 1042 358 1093 tote
379 1034 458 1093 lucet
478 1035 591 1110 oratio,
613 1042 644 1093 ut
665 1035 693 1092 ln
716 1033 780 1093 sole
796 1032 892 1092 sidera
908 1035 971 1111 ipsa
989 1031 1120 1092 desinunt

120 1121 215 1198 cerni)
233 1127 272 1193 et,
292 1135 366 1196 quae
382 1118 493 1178 crebris
512 1120 668 1196 parvisque
690 1116 841 1177 conatibus
861 1135 895 1176 se
912 1115 1065 1193 attollunt,
1080 1118 1118 1174 in·

120 1202 254 1282 aequalia
270 1210 377 1262 tantum
402 1211 430 1262 et
447 1201 528 1261 velut
544 1201 719 1278 confragosa
741 1219 796 1260 nec
820 1200 1037 1260 admirationem
1053 1216 1117 1260 oon·

75 1296 279 1364 obsequuntur
301 1287 484 1344 eminentium
507 1294 537 1344 et
559 1285 708 1364 planorum
732 1286 853 1362 gratiam
879 1284 1013 1364 perdunt.
1058 1282 1119 1343 lloc

119 1388 236 1450 quoque
252 1369 376 1445 accedit,
394 1369 470 1447 qnod
486 1369 565 1428 solas
587 1371 713 1448 captanti
728 1369 885 1428 sententias
900 1367 1006 1427 multas
1020 1367 1118 1428 dieerc

118 1471 244 1515 necesse
261 1463 305 1513 est
319 1453 418 1529 leves,
434 1452 570 1529 frigidos,
587 1456 710 1532 ineptas.
748 1451 813 1511 Non
834 1454 909 1511 enim
929 1460 1029 1530 potest
1051 1468 1117 1511 esse

118 1537 262 1614 delectus,
278 1536 326 1596 ubi
341 1554 460 1596 numero
479 1536 634 1596 laboratur.
667 1535 768 1615 ltaque
783 1535 884 1596 videas
900 1544 930 1595 ει
948 1535 1117 1595 divisionem

118 1638 172 1700 pro
191 1623 335 1681 sententia
357 1622 425 1699 poni
441 1629 470 1680 ει
485 1631 697 1698 argumentum
719 1623 757 1680 sit
776 1629 871 1680 tamen
892 1621 920 1679 in
941 1618 1074 1680 clausula
1090 1627 1118 1679 et

75 1714 109 1768 31
118 1705 197 1765 salse
223 1706 432 1784 pronuntietur.
481 1703 630 1767 Occidisti
654 1722 781 1767 umorem
798 1706 866 1783 ipse
887 1704 1031 1774 adulte&
1056 1720 1117 1766 teos

114 1790 231 1868 ferrem
260 1797 304 1867 te,
330 1790 450 1852 etiamsi
472 1792 687 1868 repudiassem,
711 1789 814 1849 divisio
838 1797 892 1848 est.
945 1785 998 1848 Vis
1024 1790 1117 1865 scire,

116 1893 264 1935 venenum
280 1893 347 1935 esse
363 1876 567 1935 amatorium?
598 1872 720 1935 Viveret
738 1873 838 1948 homo,
858 1874 920 1934 cisi
931 1873 1011 1935 illud
1024 1872 1116 1934 titts

116 1969 173 2033 set,
190 1967 388 2035 argumentum
405 1967 458 2017 est.
496 1957 559 2018 Nec
570 1958 672 2018 multas
689 1957 822 2035 plerique
837 1959 995 2016 sententies
1010 1955 1116 2032 dicunt,

72 2050 108 2104 St
116 2042 169 2102 sed
186 2043 279 2101 omnia
293 2050 426 2121 tauquam
451 2044 619 2102 sententias.
658 2040 731 2100 Huic
753 2040 922 2120 quibusdum
945 2042 1117 2100 contrarium

117 2124 256 2200 studium,
280 2127 328 2203 qui
348 2124 459 2202 lugiunt
481 2143 516 2185 ac
531 2125 718 2185 reformident
734 2141 846 2184 omnem
861 2124 935 2184 benc
950 2125 979 2183 in
995 2122 1116 2184 diceudo

117 2207 307 2287 voluptatem,
322 2207 391 2268 nihil
409 2208 566 2286 probantes
581 2211 635 2269 nisi
651 2208 766 2287 plenum
782 2217 811 2269 et
822 2208 928 2269 humile
938 2216 974 2267 et
989 2209 1053 2268 sine
1069 2223 1117 2268 co·

116 2300 193 2351 natu.
223 2290 276 2366 lta,
294 2292 360 2352 dum
375 2293 489 2367 timent,
511 2310 547 2351 ne
565 2292 719 2372 aliquando
736 2293 854 2369 cadent,
876 2308 994 2370 semper
1012 2293 1117 2352 iacent

118 2374 203 2448 Quod
221 2376 295 2434 enim
311 2384 417 2435 tantum
441 2377 469 2434 in
490 2379 631 2437 sententia
649 2376 724 2436 bona
743 2378 850 2437 crimen
868 2373 934 2436 esti
963 2374 1029 2436 Non
1051 2392 1117 2436 eau-

116 2476 167 2516 see
182 2457 326 2537 prodest?
342 2474 400 2518 non
414 2460 537 2520 iudicem
551 2459 670 2520 movet?
688 2477 745 2520 nou
756 2462 900 2522 dicentem
915 2454 1118 2520 commendati

72 2542 174 2604 seSed
186 2551 231 2602 εει
247 2543 388 2622 quoddam
405 2558 509 2621 genus,
525 2561 582 2622 quo
595 2554 713 2605 veteres
725 2561 782 2603 uon
792 2544 955 2604 utebantur.
978 2543 1025 2604 Ad
1035 2560 1119 2622 quam

116 2645 208 2704 usque
234 2644 288 2686 nos
314 2630 427 2686 vocatis
456 2627 650 2689 vetustatem?
690 2628 762 2688 Nam
787 2630 811 2687 si
838 2629 917 2689 illam
943 2636 1116 2687 extremam:

115 2710 203 2770 multa
218 2710 449 2789 Demosthenes,
466 2730 540 2791 quae
556 2721 621 2771 ante
636 2730 701 2772 enm
714 2729 810 2772 nemo.
850 2710 1004 2786 Quomodo
1020 2718 1119 2791 petest

116 2793 242 2870 probare
264 2791 453 2871 ciceronem,
476 2797 525 2874 qui
544 2795 614 2856 nihil
634 2805 716 2874 putet
739 2814 776 2856 ex
790 2793 904 2856 (latone
919 2795 1118 2874 Gracchisque

115 2875 298 2936 mutandum?
337 2879 397 2938 Sed
418 2888 484 2938 ente
505 2879 559 2939 bos
585 2881 744 2960 simplicior
764 2879 856 2940 adhuc
880 2881 955 2940 ratio
981 2879 1120 2959 loquenti

73 2961 178 3023 ttiuit.
211 2960 277 3039 Ego
294 2978 365 3021 vero
383 2962 457 3022 baec
474 2963 578 3024 lumina
598 2967 736 3024 orationis
757 2963 838 3024 velut
858 2964 962 3024 oculos
978 2965 1119 3042 quosdam

116 3062 183 3103 esse
200 3045 383 3123 eloquentiae
400 3047 499 3107 credo.
530 3048 589 3108 Sed
605 3065 700 3127 neque
716 3048 820 3108 oculos
833 3060 900 3108 esse
916 3057 978 3108 toto
991 3060 1120 3127 corpore

115 3127 218 3206 velim,
239 3146 276 3188 ne
298 3138 397 3191 cetera
412 3131 538 3192 membra
560 3132 687 3193 cilicium
704 3150 784 3192 suurn
802 3132 940 3211 perdant;
958 3141 1005 3209 et,
1028 3133 1054 3191 si
1067 3149 1118 3191 ue·

117 3230 202 3272 cesse
222 3214 269 3288 sit,
285 3222 416 3274 veterem
432 3215 512 3275 illurn
527 3215 678 3275 horrorem
690 3216 805 3276 dicendi
820 3216 917 3276 malim
935 3230 1020 3295 quarn
1035 3218 1119 3277 istem

115 3314 219 3356 novam
239 3297 393 3358 licentiam.
436 3298 495 3359 Sed
515 3308 596 3379 patet
621 3300 714 3361 media
736 3300 877 3379 quaedam
895 3301 963 3377 uia,
992 3302 1069 3362 siout
1091 3303 1119 3359 in

117 3381 195 3440 cultu
216 3382 353 3462 victuque
374 3385 501 3444 accessit
522 3383 626 3462 aliquis
654 3385 725 3444 citra
744 3384 1006 3463 reprehensionem
1030 3385 1118 3446 nitor.

116 3463 228 3543 Quare,
250 3467 325 3527 sicut
340 3483 513 3546 possumus,
534 3468 699 3528 adiiciamus
715 3468 877 3528 virtutibus.
925 3468 1008 3531 Prius
1020 3477 1121 3531 tamen
