2408 3854
144 201 205 263 210
462 209 828 270 ιιιιιιριιιιιιιιιιιιι

143 368 287 429 actionem
312 363 417 427 (lieero
446 364 517 424 alias
546 365 637 444 quasi
659 384 829 427 sermonem
851 366 923 427 alias
950 368 1153 447 eloquentiam

143 452 300 531 quondam
316 451 456 528 corporis
471 448 549 508 dicit
580 447 660 509 Idem
678 457 773 508 tamen
790 449 861 510 duas
878 452 940 510 eins
956 462 1054 531 partes
1069 455 1152 532 lacit,

143 542 295 615 quaesunt
306 531 431 594 eaedem
444 532 693 611 pronuntiationis,
712 550 817 594 vocem
830 542 917 612 atque
932 544 1049 596 motum.
1075 537 1139 612 Qua

116 627 264 700 tpropter
287 626 410 695 utraque
432 614 630 694 appellatione
652 616 850 678 indifferenter
874 620 915 678 uti
941 618 1019 680 licet.
1056 621 1154 682 llabet

142 712 237 763 autem
252 720 300 760 res
316 702 379 778 ipsa
394 701 493 760 miram
506 701 671 778 quandam
661 718 690 759 ιιι
710 700 927 761 orationibus
899 720 957 761 vum
971 721 1007 764 ac
1022 715 1156 782 potesta·

142 796 213 855 tem;
235 801 330 863 neque
349 785 424 844 enim
439 793 495 844 tarn
512 784 620 860 refert,
647 784 744 862 qualia
759 786 832 861 sint,
855 803 931 864 quae
947 787 1020 847 intra
1037 797 1153 849 nosmet

141 873 223 949 ipsos
240 869 465 947 composuimus,
484 885 569 946 quam
585 867 742 946 quomodo
758 868 930 938 efferantur;
946 873 1059 932 nam'ita
1072 875 1152 951 quis·

142 972 216 1033 que,
238 961 269 1013 ut
290 953 384 1029 audit,
406 960 548 1012 movetur.
584 952 680 1026 Quare
701 970 797 1032 neque
818 952 952 1032 probatio
971 954 1045 1031 ulla,
1077 974 1153 1034 quae

139 1037 226 1098 modo
242 1037 322 1097 venit
339 1035 376 1097 ab
392 1045 527 1112 oratore,
553 1045 610 1095 tam
628 1036 708 1096 lirina
730 1045 789 1112 est,
814 1045 845 1097 ut
867 1054 925 1097 uon
945 1039 1049 1117 perdat
1072 1041 1152 1099 vires

141 1138 227 1197 suas,
249 1121 304 1180 nisi
327 1119 477 1181 adiuvatur
498 1116 718 1181 asseveratione
741 1120 872 1181 dicentis.
905 1121 1037 1182 Allectus
1059 1125 1151 1183 omnis

141 1204 313 1283 languescat
329 1222 456 1265 necesse
474 1212 535 1281 est,
552 1204 605 1263 nisi
622 1220 714 1280 voce,
730 1204 827 1280 vultu,
843 1205 930 1265 totius
946 1206 1152 1285 propehabitu

114 1290 274 1373 3oorporls
288 1286 463 1349 inardescat.
490 1287 562 1348 Nam
579 1305 642 1347 cum
657 1287 731 1349 haec
748 1290 842 1348 omnia
856 1289 1027 1350 fecerimus:
1045 1290 1152 1351 felices

140 1381 251 1456 tamen,
268 1374 293 1432 si
311 1380 439 1432 nostrum
454 1370 557 1431 illum
548 1389 645 1448 ignem
660 1373 749 1432 iudex
764 1375 948 1450 conceperit;
964 1373 1069 1434 nedum
1087 1391 1153 1434 eum

140 1452 234 1534 sapim
257 1452 413 1534 securique
433 1465 616 1532 moveamus,
641 1473 677 1517 ao
698 1458 755 1515 non
776 1457 840 1536 ipse
861 1465 960 1517 nostra
978 1459 1153 1518 oscitatione

112 1539 282 1602 lsolvatur
312 1538 495 1600 Documento
514 1548 579 1599 sunt
593 1539 642 1600 vel
658 1539 769 1600 scenici
782 1548 909 1614 actores,
926 1543 974 1618 qui
990 1551 1019 1600 et
1030 1543 1151 1640 optimis

140 1632 291 1702 poetarum
312 1632 419 1684 tantum
436 1618 573 1684 adiiciunt
590 1624 717 1700 gratiae,
741 1633 771 1683 ut
787 1640 841 1683 nos
862 1624 971 1684 infinito
993 1626 1085 1702 magis
1103 1643 1151 1684 ea·

139 1706 204 1767 dem
220 1707 269 1767 illa
286 1707 383 1768 audita
400 1725 485 1786 (ιιιιιι
500 1708 578 1768 lecta
594 1706 757 1776 delectent;
779 1716 808 1768 et
824 1707 971 1769 vilissimis
988 1710 1073 1768 etiam
1090 1710 1152 1787 qui·

138 1791 259 1852 busdam
275 1793 428 1874 impetrant
442 1809 544 1867 aures,
564 1800 610 1867 ut,
630 1791 733 1870 quibus
749 1791 844 1851 nullus
862 1794 931 1852 est
922 1809 951 1850 ιιι
964 1791 1153 1851 bibliothecis

113 1874 240 1952 slocus‚
260 1876 297 1936 sit
312 1877 398 1936 etiarn
413 1835 577 1954 frequens
568 1892 597 1934 ιιι
611 1874 742 1936 theatris.
778 1873 912 1948 Quodsi
903 1894 932 1934 ιιι
947 1875 1052 1951 rebus,
1079 1893 1153 1954 quas

139 1959 221 2020 fictas
245 1957 313 2020 esse
335 1961 442 2019 scimus
459 1969 488 2019 et
508 1960 623 2035 inanes,
646 1967 755 2020 tanturn
773 1959 966 2037 pronuntiatio
983 1967 1097 2038 potest,
1120 1967 1152 2018 ut

138 2045 223 2116 iram,
254 2043 403 2118 lacrimas,
433 2043 657 2103 sollicitudinem
679 2042 797 2102 aderat:
830 2051 936 2121 quanto
962 2042 1028 2121 plus
1052 2041 1152 2102 valeat

138 2145 264 2187 necesse
286 2136 346 2202 est,
366 2125 414 2185 ubi
431 2136 460 2186 et
476 2122 640 2186 credimus?
666 2124 808 2204 Equidem
825 2125 874 2185 vel
888 2125 1067 2187 mediocrem
1087 2142 1153 2186 ora·

139 2213 247 2271 tionem
264 2209 491 2270 commendatam
505 2207 613 2269 viribus
630 2211 752 2269 actionis
773 2208 938 2270 affirmarim
956 2209 1022 2289 plus
1039 2208 1152 2270 habitu·

109 2298 198 2354 tram
221 2312 290 2353 esse
304 2295 441 2353 momenti
456 2309 541 2371 quam
557 2294 694 2372 optimam
715 2293 817 2355 eadem
834 2292 884 2353 illa
900 2294 1074 2354 destitutam.
1107 2292 1152 2352 Si·

139 2376 254 2456 quidem
275 2386 305 2439 et
326 2376 557 2453 Demosthenes,
587 2377 654 2456 quid
677 2386 757 2436 esset
783 2379 812 2436 in
834 2386 896 2437 toto
918 2376 1033 2437 dicendi
1057 2394 1151 2454 opere

138 2463 275 2540 primum,
298 2464 494 2540 interrogatus
513 2461 738 2539 pronuntiationi
753 2460 876 2540 palmam
897 2460 976 2522 dedit
998 2461 1153 2539 eidemque

139 2546 297 2607 secundum
317 2564 352 2607 ao
373 2547 487 2607 tertium
503 2545 616 2621 locum,
640 2543 736 2605 donec
757 2543 793 2604 ab
817 2560 854 2604 eo
873 2546 973 2624 quaeri
991 2543 1152 2619 desineret,

139 2639 170 2689 nt
194 2649 257 2690 eam
272 2630 364 2691 videri
387 2638 490 2709 posset
511 2647 568 2688 non
585 2629 772 2708 praecipuam
796 2629 849 2688 sed
873 2629 966 2689 solam
987 2627 1152 2694 iudicasse:

112 2715 206 2774 'lideo
224 2717 288 2792 ipse
304 2723 361 2775 tarn
378 2715 533 2792 diligenter
547 2712 623 2791 apud
630 2711 826 2772 Andronicum
841 2710 1015 2791 hypocriten
1031 2710 1150 2785 studuit,

139 2806 170 2855 ut
186 2797 391 2858 admirantibus
407 2799 469 2858 eius
487 2797 647 2857 orationem
661 2793 781 2856 Rhodiis
797 2812 854 2854 non
869 2796 1011 2855 immerito
1027 2792 1152 2855 Aeschi-

140 2898 192 2939 nes
209 2881 318 2941 dixisse
333 2881 481 2941 videatur:
498 2878 581 2954 octo
590 2882 619 2941 ei
629 2881 731 2959 ipsum
741 2881 932 2942 audissetis?
946 2877 984 2938 llt
997 2875 1152 2938 didicero

106 2971 226 3023 eurem
243 2964 411 3033 indicendo
428 2965 572 3025 actionem
593 2965 749 3026 dotrsinori
769 2972 858 3042 putat.
895 2962 956 3023 llac
975 2960 1027 3023 (ln.
1045 2961 1150 3022 Lentu·

139 3047 196 3107 lum
220 3047 285 3125 plus
311 3049 455 3127 opinionis
478 3056 665 3110 consecutum
683 3065 768 3126 quam
786 3046 953 3125 eloquentia
974 3045 1078 3122 tradit,
1104 3063 1152 3106 ea·

140 3131 206 3191 dem
223 3127 256 3190 c.
277 3130 437 3193 Gracchum
459 3135 488 3193 in
504 3132 637 3193 dellenda
652 3131 749 3190 fratris
766 3148 841 3191 nece
863 3133 952 3191 totius
973 3128 1076 3208 populi
1092 3127 1152 3189 Ro·

138 3216 215 3276 mani
234 3215 366 3276 lacrimas
386 3218 568 3290 concitasse,
593 3224 622 3275 et
642 3213 796 3274 Antonium
820 3223 849 3274 et
872 3213 1008 3276 crassum
1031 3212 1150 3273 multum

139 3298 286 3375 valuisse,
303 3299 454 3380 plurimum
470 3315 541 3358 vero
559 3300 594 3372 Q.
611 3297 805 3358 Hortensium.
839 3296 928 3359 cutus
946 3299 990 3358 rei
1005 3297 1078 3358 tides
1095 3305 1152 3373 est,

142 3383 219 3460 quod
235 3385 296 3444 eius
312 3387 420 3462 scripta
437 3391 544 3443 tantum
559 3384 631 3443 intra
650 3382 752 3443 lamam
767 3390 847 3456 sunt,
876 3399 932 3459 qua
950 3381 997 3442 diu
1012 3382 1153 3460 princeps

141 3475 242 3527 orator
248 3512 257 3546 ,
287 3466 441 3547 aliquando
457 3466 587 3528 aemulus
605 3464 756 3527 ciceronis
772 3467 951 3526 existimatus
968 3474 1029 3542 est,
1054 3464 1153 3525 novis·

177 3624 252 3636 Α.
