2408 3854
359 174 449 223 tuen.
466 174 617 223 onerose.
635 175 705 222 ms.
724 176 776 241 nr,
792 174 819 227 t.
1032 165 1090 228 itt

80 329 196 406 solent,
220 347 317 409 eoque
342 329 558 405 lactentium,
582 328 740 408 quoderat
761 331 790 389 in
813 330 887 406 line,
914 333 1091 394 continuatio

80 412 223 474 emendat.
270 411 338 476 Non
359 415 422 476 nott
439 414 573 492 populus
587 414 744 476 Romanus
757 414 898 477 obsoletis
912 418 1092 480 criminibus

79 499 230 560 accusari
246 496 375 560 Verrem
389 496 506 574 durum,
529 498 554 557 si
572 499 705 568 desinas;
732 500 785 559 sed
803 509 927 560 comest
943 502 1090 563 continua·

80 591 138 642 turn
160 583 195 641 iis
219 599 295 660 quae
318 590 497 661 sequuntur,
522 599 683 660 quanquam
704 592 805 643 natura
825 584 889 661 ipsa
907 584 1000 646 divisa
1023 587 1090 663 sint,

80 663 171 728 Novo
190 668 341 744 postulet,
362 668 504 727 inaudito
525 668 701 728 desiderat:
723 667 822 727 salvus
838 676 883 727 est
902 687 1014 729 cnrsns.
1055 668 1132 732 llill

78 750 194 826 odeas,
211 758 328 811 tanturn
343 749 447 826 dubis,
466 749 541 809 male
560 750 708 827 eluderet,
727 769 791 811 uam
807 760 837 811 et
853 753 973 812 trimetri
987 772 1091 814 versus

79 853 147 914 pars
170 834 269 895 ultima
294 842 353 904 est;
384 834 494 913 excipit
517 832 555 895 Ut
577 836 678 896 cilium
701 838 901 916 vestitamque
925 839 1092 918 introferre

78 921 186 995 licent,
214 925 352 988 tanturm
379 935 525 997 praeceps
548 918 642 978 adhuc
665 918 848 980 ornaturae
871 923 1028 983 sustinetur
1047 922 1091 982 nl·

79 1005 148 1063 timo
174 1000 269 1064 Nemo
283 1003 460 1065 recusabat.

164 1086 289 1146 Versum
312 1089 341 1146 in
362 1088 495 1147 oratione
517 1086 581 1147 lieri
597 1086 687 1147 multo
708 1087 905 1148 foedissimum
925 1099 970 1149 est
990 1099 1134 1166 totumne

80 1171 132 1232 sed
149 1172 235 1231 etiam
249 1174 278 1230 iu
293 1180 376 1250 parte
393 1170 539 1238 delorme;
560 1171 661 1248 utique
676 1172 701 1230 εἰ
718 1188 785 1248 pars
802 1173 949 1250 posterior
963 1174 992 1231 in
1012 1173 1090 1234 olau-

79 1256 143 1316 suln
159 1254 395 1335 deprehendatur
415 1265 465 1315 aut
480 1272 580 1314 rursus
595 1256 676 1333 prior
690 1257 719 1314 in
735 1257 879 1332 ingressu.
925 1255 997 1316 Nam
1013 1256 1091 1335 quod

80 1349 126 1399 est
145 1349 245 1400 contra
262 1357 354 1418 saepe
370 1341 456 1400 etiam
471 1338 573 1414 decet,
596 1340 662 1416 quia
682 1349 712 1400 et
727 1339 834 1400 claudit
851 1341 964 1400 interim
982 1342 1091 1420 optime

80 1425 172 1503 prima
188 1440 256 1501 pars
271 1442 392 1499 versus,
409 1424 475 1483 dnm
489 1424 563 1483 intra
578 1440 686 1502 paucas
703 1422 851 1499 syllabas,
868 1427 1026 1504 praecipue
1045 1443 1090 1485 se-

83 1509 155 1567 narii
177 1517 264 1586 atque
280 1508 439 1574 octonarii;
466 1505 516 1588 (ln
530 1506 641 1585 Africo
658 1508 758 1586 scisse
779 1510 887 1568 initium
904 1510 1011 1569 senarii
1034 1518 1089 1586 est,
1100 1521 1135 1577 73

80 1593 201 1670 primum
221 1609 275 1670 pro
299 1591 335 1664 Q.
358 1590 473 1667 Ligario
495 1600 581 1670 eaput
602 1591 723 1660 claudit;
751 1589 830 1654 iisse
845 1593 1005 1670 uideatur,
1027 1611 1092 1653 nam

80 1677 163 1735 nimis
179 1675 333 1754 frequens,
356 1677 536 1735 octonarium
552 1675 683 1743 inchoem
709 1675 778 1736 talia
793 1687 859 1737 sunt
873 1677 1090 1753 Demosthenis,

80 1763 155 1819 πᾶσι
181 1758 232 1821 roi
254 1753 380 1830 πάσαις·
408 1757 459 1820 καὶ
479 1763 571 1819 πᾶσιν
590 1751 676 1836 ὑμῖν,
707 1769 737 1819 et
757 1769 848 1820 totum
869 1779 963 1839 paene
986 1762 1090 1841 prinoi-

81 1845 174 1923 pinm)
203 1853 232 1903 et
255 1843 355 1903 ultima
379 1861 515 1903 versuum
539 1844 619 1904 initio
642 1845 817 1903 conveniunt
844 1846 997 1908 orationis:
1024 1841 1093 1905 Etsi
1099 1855 1134 1912 tt

80 1947 206 2004 vereor,
221 1930 355 2004 indices,
372 1935 402 1987 et
417 1927 645 2005 Animadverti,
660 1929 790 1990 iudices.
834 1927 894 1989 Sed
909 1929 988 1988 initia
1004 1929 1090 1988 initiis

80 2029 137 2072 non
159 2013 349 2087 conveniunt,
372 2010 422 2091 (Τ.
445 2011 541 2072 Livius
563 2011 723 2072 hexametri
745 2012 868 2072 exordio
885 2013 999 2090 coepit:
1028 2010 1089 2073 ua-

81 2105 227 2159 eturuonc
242 2114 358 2174 operae
376 2098 508 2174 pretinm
527 2097 606 2167 sim;
633 2113 697 2157 nam
719 2096 758 2156 ita
779 2096 883 2172 edidit,
906 2105 1009 2174 estque
1030 2114 1090 2156 me·

80 2180 153 2255 lius,
179 2199 265 2260 quam
289 2197 347 2259 quo
374 2181 460 2240 modo
483 2181 666 2261 emendatur)
688 2198 744 2241 neo
768 2180 917 2241 clausulae
940 2180 1133 2256 mausolieis

81 2274 112 2325 ut
133 2261 256 2343 Cicero,
285 2263 351 2339 ono
372 2285 420 2328 ote
436 2274 572 2342 vertam,
591 2260 716 2336 nescim·
742 2267 791 2343 qui
807 2266 928 2326 trimetri
950 2265 1013 2327 linis
1028 2273 1089 2342 est.

80 2347 243 2410 Trimetron
261 2359 289 2409 et
310 2350 474 2429 promiscue
495 2350 595 2411 dicere
615 2350 718 2426 liceat,
740 2368 795 2410 sex
817 2352 890 2412 enirn
912 2350 1005 2429 pedes
1029 2359 1090 2409 tres

81 2437 291 2513 percussiones
310 2434 427 2495 habent.
472 2434 558 2495 Peius
581 2435 670 2497 cludit
691 2434 755 2495 linis
772 2433 946 2511 hexametri,
973 2443 1003 2493 ut
1020 2432 1090 2493 Bru·

82 2526 128 2577 tus
143 2519 172 2576 in
189 2518 340 2596 epistolis:
356 2516 463 2598 Neque
477 2520 522 2580 ilii
536 2521 653 2580 maium
666 2519 781 2580 hahere
793 2525 911 2580 tutores
923 2527 976 2578 oct
988 2517 1091 2594 defen·

80 2619 185 2675 sores,
209 2618 385 2680 quanquam
399 2603 499 2664 seium
517 2603 675 2682 placuisse
690 2599 809 2662 Catoni.
853 2600 900 2661 llli
915 2601 1006 2659 minus
1027 2606 1134 2664 suntiti

81 2682 242 2760 notabiles,
266 2687 332 2762 qnia
355 2685 413 2746 hoo
432 2704 525 2763 genus
552 2687 679 2747 sermoni
698 2686 858 2763 proximum
884 2691 939 2743 est.
989 2681 1091 2761 itaqua

82 2777 111 2828 et
131 2785 235 2827 versus
257 2770 310 2829 toti
331 2769 405 2829 iere.
418 2771 568 2845 excidunt,
594 2785 668 2849 quos
683 2767 787 2828 Brutus
810 2770 876 2845 ipso
900 2765 1092 2846 componendi

82 2852 185 2912 ductus
206 2852 302 2913 studio
325 2854 497 2930 saepissime
520 2854 604 2928 iacit,
626 2869 684 2912 non
698 2868 766 2911 raro
783 2851 916 2927 Asinius,
938 2851 1092 2911 sedetiam

83 2935 189 2996 Gioero
205 2955 422 3017 nonnunquam,
445 2946 477 2997 ut
497 2937 526 2996 in
547 2937 690 3015 principio
712 2936 808 2996 statim
827 2936 965 2996 orationis
987 2937 1015 2995 in
1037 2934 1091 2994 hu·

83 3023 157 3080 cium
178 3021 328 3083 Pisonem:
354 3021 416 3084 Pro
439 3023 485 3084 dii
503 3022 703 3098 immortales,
725 3022 795 3100 quis
809 3021 861 3082 hie
880 3021 981 3082 illusit
1003 3020 1092 3080 diesi

85 3103 151 3162 Non
167 3106 279 3168 minore
294 3116 389 3167 autem
403 3124 470 3167 cura
485 3105 630 3167 vitandum
643 3113 706 3181 est,
723 3103 861 3184 quidquid
873 3113 919 3164 est
929 3103 1092 3184 ἔνρυθμον,
1100 3107 1134 3165 tt

83 3186 171 3265 quale
180 3190 256 3267 apud
270 3190 453 3251 Sallustium:
465 3188 558 3252 Falso
568 3191 708 3270 queritur
719 3192 758 3251 de
772 3197 886 3251 noima
896 3206 964 3250 suu.
987 3185 1091 3261 Quam-

82 3271 126 3330 vis
142 3274 216 3332 enim
231 3275 327 3334 uincta
343 3277 396 3350 sit,
416 3284 511 3334 tamen
525 3274 621 3334 soluta
636 3274 728 3335 videri
743 3273 832 3334 debet
854 3275 957 3334 oratio.
1003 3268 1093 3348 Atqui

82 3355 183 3432 Plato,
202 3357 439 3433 diligentissimus
455 3359 693 3438 compositionis,
710 3361 738 3418 in
753 3356 875 3419 Timaeo
890 3357 981 3435 prima
997 3353 1092 3415 statim

82 3447 166 3518 parte
180 3441 273 3500 vitare
288 3442 343 3501 ista
356 3458 413 3501 non
427 3443 531 3522 potuit.
567 3441 640 3503 Num
655 3452 685 3503 et
699 3443 807 3502 initium
822 3441 982 3503 hexametri
997 3437 1137 3499 stationis
