2408 3854
362 215 451 264 mor.
465 213 803 284 onnron.c1n.1x‚4.
1032 207 1089 269 129

81 390 243 454 quanquam
265 380 294 431 ct
316 373 336 431 ii
350 372 405 450 ipsi
426 372 501 431 inter
521 389 555 431 sc
570 369 726 431 dissimiles
742 371 866 431 inerunt.
905 369 978 432 Nam
993 392 1089 453 neque

79 457 151 518 illud
175 459 203 516 iu
218 456 303 532 Lysia
318 454 432 516 dicendi
452 464 562 515 textum
584 464 671 516 tenue
692 463 779 533 atquc
802 473 898 515 rasum
920 456 1088 518 laetioribus

80 542 208 602 numeris
224 539 464 618 corrumpendum
482 549 557 608 crat;
574 539 750 618 perdidisset
766 541 839 599 enirn
857 543 995 618 gratiam,
1013 560 1089 622 quae

78 627 108 687 in
123 642 161 685 eo
183 626 305 684 maxima
327 633 388 698 est,
413 623 553 703 simplicis
576 632 664 703 atque
685 624 841 683 inaffectati
867 624 991 701 coloris,
1020 644 1089 705 pcr-

79 710 202 771 didisset
218 707 302 768 iidcm
320 724 448 787 quoquc.
490 706 563 767 Nam
583 707 730 768 scribebat
750 708 831 785 aliis,
853 725 911 768 non
930 711 994 788 ipse
1010 709 1088 770 dice·

79 793 144 869 hat,
163 803 193 852 ut
214 792 377 869 oportuerit
396 809 463 851 esse
484 790 535 851 illa
555 791 673 852 rudibus
693 801 723 852 et
748 794 947 872 incompositis
970 795 1088 864 similia;

80 878 158 956 qnod
174 879 268 1021 iqsum
284 877 458 954 compositio
478 883 532 935 est.
577 874 616 935 Et
630 875 787 952 historiae,
810 895 885 955 quae
904 895 1024 938 currere
1039 879 1130 942 delfi

79 962 129 1023 bet
152 979 186 1022 ao
214 961 288 1037 emi,
309 962 400 1020 minus
417 961 623 1020 convenissent
638 962 804 1021 insistentes
825 961 974 1023 clausulae
995 971 1025 1021 et
1040 964 1088 1023 de·

78 1043 138 1106 hita
156 1043 317 1105 actionibus
333 1045 488 1123 respiratio
505 1053 534 1104 ct
549 1044 683 1105 cludendi
698 1044 909 1124 inchoandique
930 1048 1088 1107 sententias

81 1132 166 1190 ratio.
211 1129 242 1190 ln
261 1127 443 1189 contionibus
460 1130 575 1209 quidem
596 1131 682 1189 etiam
702 1130 834 1189 similiter
851 1131 984 1191 cadentia
1000 1149 1088 1209 quae·

79 1213 144 1276 dam
166 1222 195 1274 et
216 1215 413 1293 contraposita
441 1213 654 1293 deprehendas.
699 1212 731 1273 ln
753 1212 903 1274 Herodoto
929 1230 1002 1274 vero
1025 1235 1089 1275 cum

80 1299 174 1361 omnia
191 1299 237 1377 (nt
253 1315 310 1376 ego
325 1298 440 1376 quidem
455 1299 566 1379 sentio)
582 1298 687 1358 leniter
701 1297 808 1374 fluunt,
832 1308 890 1358 tnm
911 1301 974 1378 ipsa
993 1293 1088 1359 διάλε-

80 1405 148 1455 κτος
178 1381 267 1442 habet
290 1400 354 1443 eam
385 1382 605 1458 iucunditatem,
641 1392 672 1443 ut
696 1383 821 1444 latentes
845 1384 930 1443 ctiam
953 1400 1088 1443 numeros

82 1467 235 1546 complexa
260 1468 401 1528 videatur.
447 1467 506 1527 Sed
529 1467 565 1527 de
594 1469 811 1547 propositorum
833 1469 1001 1528 diversitate
1022 1473 1131 1546 post19

80 1553 207 1631 paulum.
244 1551 343 1628 Nunc,
361 1568 435 1630 quae
451 1553 530 1630 prius
546 1553 598 1628 iis,
620 1555 668 1630 qui
684 1560 766 1613 recte
783 1569 961 1629 componere
976 1552 1087 1623 volent,

80 1635 218 1697 discenda
234 1636 300 1694 sint.

165 1717 219 1778 Est
237 1721 324 1796 igitur
343 1730 409 1780 ante
431 1720 524 1779 omnia
543 1721 635 1779 oratio
652 1720 708 1780 alia
729 1721 824 1780 vincta
842 1729 928 1798 atquc
952 1730 1089 1781 contexta

80 1802 176 1882 soluta
197 1803 268 1879 alia,
292 1804 385 1882 qualis
407 1805 436 1862 in
452 1820 587 1863 sermone
606 1812 634 1862 et
652 1802 801 1882 epistolis;
826 1804 880 1863 nisi
899 1821 962 1863 cum
980 1803 1088 1882 aliquid

81 1905 168 1965 supra
194 1897 321 1947 naturam
338 1896 574 1963 submittebat,
595 1896 626 1946 ut
647 1886 683 1946 de
698 1886 903 1966 philosophia,
927 1888 963 1947 de
986 1904 1018 1946 re
1037 1905 1088 1965 pu·

80 1971 175 2048 blica,
198 1971 347 2031 similibus.
389 1970 473 2044 Quod
488 1989 545 2031 non
563 1970 699 2047 ecdico,
725 1972 790 2049 quia
810 1988 867 2030 non
882 1970 952 2030 illud
970 1970 1131 2049 quoqueto

80 2055 207 2116 solutum
231 2055 337 2117 habeat
359 2073 429 2115 suos
450 2055 591 2134 quosdam
613 2064 642 2115 et
663 2054 784 2116 forsitan
800 2054 981 2116 difficiliores
1003 2056 1089 2114 etiam

80 2139 187 2220 pedes;
210 2143 400 2219 nequeenim
424 2149 472 2201 ant
494 2140 575 2200 hiare
593 2157 710 2219 semper
730 2139 882 2200 vocalibus
903 2149 952 2199 aut
973 2137 1090 2198 destitui

81 2223 263 2303 temporibus
278 2226 378 2286 volunt
401 2243 497 2286 sermo
515 2234 601 2304 atque
617 2224 760 2305 epistola;
784 2227 910 2287 sednon
929 2223 1018 2283 fluunt
1033 2240 1090 2282 nec

80 2308 240 2370 cohaerent
259 2328 314 2370 uec
331 2309 422 2370 verba
437 2311 535 2370 verbis
557 2309 685 2386 trahunt,
705 2318 735 2369 ut
755 2311 852 2387 potius
868 2308 981 2369 laxiora
996 2310 1025 2367 in
1044 2307 1089 2367 his

80 2393 196 2453 uincula
213 2411 296 2472 qoam
316 2394 394 2455 nulla
411 2397 476 2454 sint.
522 2393 730 2473 Nonnunquam
750 2395 779 2452 in
795 2394 890 2453 causis
907 2391 1130 2471 quoquam-21

80 2476 199 2537 noribus
221 2480 307 2539 decet
332 2478 433 2538 eadem
458 2479 643 2556 simplicitas,
672 2494 745 2555 qnae
768 2494 826 2537 uon
843 2477 930 2536 nullis
952 2476 1005 2536 sed
1026 2476 1090 2535 aliis

80 2564 169 2621 utitur
194 2565 335 2638 numeris,
361 2562 577 2640 dissimulatque
602 2579 654 2620 eos
676 2569 705 2620 ct
723 2569 840 2621 ‘tantum
862 2561 1015 2619 communit
1040 2575 1089 2616 oo-

81 2644 197 2706 cultius.

167 2728 205 2789 Ar
220 2728 270 2789 illa
284 2745 415 2789 connexa
430 2732 524 2790 series
539 2738 598 2790 tres
614 2727 703 2788 habet
716 2727 838 2787 formas:
858 2725 996 2803 lncisa,
1014 2739 1133 2804 quaeat

81 2808 217 2892 κόμματα
231 2813 378 2889 dicuntur,
402 2810 576 2888 Membra,
593 2830 667 2893 quac
686 2815 781 2888 κῶλα,
796 2811 990 2890 περίοδον,
1014 2829 1089 2891 quae

82 2908 127 2958 est
147 2899 196 2959 vel
218 2897 341 2959 ambitus
362 2897 411 2958 vel
429 2896 653 2958 circumductum
679 2896 727 2956 vel
752 2897 929 2957 continuatio
951 2895 1000 2956 rel
1020 2912 1089 2955 con-

82 2982 185 3042 clusio.
224 2983 256 3044 ln
272 2984 348 3042 omni
365 2997 454 3062 porro
472 2980 684 3059 compositione
699 2981 753 3040 tria
773 2989 838 3040 suut
858 2999 968 3058 genera
985 2998 1089 3040 neccs-

82 3069 173 3126 saria:
198 3069 287 3144 ord0‚
305 3070 451 3142 iunctura,
468 3083 614 3124 numerus.

167 3150 289 3211 Primum
311 3153 398 3229 igitur
419 3152 455 3211 dc
480 3150 622 3210 ordine.
668 3148 738 3210 Eius
758 3150 926 3211 observatio
947 3151 974 3208 in
992 3146 1135 3212 verbistd

82 3242 129 3294 cst
144 3234 264 3312 singulis
281 3246 309 3296 et
325 3237 480 3296 contextis.
526 3234 645 3312 Singula
661 3244 742 3311 sunt,
768 3253 843 3316 quae
858 3225 1004 3295 ἀσύνδετα
1018 3230 1090 3290 dixi·

81 3336 154 3378 mos.
173 3368 174 3372 ,
199 3318 231 3379 ln
245 3317 290 3380 his
306 3321 481 3397 cavendnm,
498 3339 535 3380 nc
550 3320 704 3380 decrescat
720 3323 831 3396 oratio,
848 3329 877 3380 et
894 3317 1007 3379 iortiori
1023 3314 1089 3374 sub·

82 3404 218 3480 iungatur
230 3404 337 3485 aliquid
352 3405 511 3483 infirmius,
527 3413 558 3465 ut
575 3403 722 3482 sacrilego
738 3404 799 3479 inr,
821 3412 869 3463 aut
888 3402 991 3462 latroni
1008 3408 1090 3477 petu-

82 3485 156 3548 lans.
187 3489 297 3568 hogeri
314 3490 387 3551 enim
402 3490 510 3552 debent
525 3490 686 3551 sentcntiae
704 3497 733 3548 et
747 3489 925 3563 insurgere„
936 3491 974 3543 nt
985 3484 1106 3559 aqam

125 3591 156 3630 nt.
168 3593 192 3632 r.
206 3593 316 3640 curuum.
334 3579 366 3635 ll.
921 3567 948 3626 ¹3
1049 3552 1148 3624 f
