2408 3854
330 213 420 262 nisu.
437 212 586 263 caunos.
604 209 838 278 u1n.v11,6.t.
1048 201 1089 263 tt

79 369 353 452 (manducantem
364 369 564 447 magistratus
577 368 724 447 alligauit.
759 367 813 426 llic
828 368 893 444 quia
909 376 954 426 est
968 368 1088 430 verbum

79 455 110 514 in
133 453 202 532 lege
225 453 452 531 deprehensam,
478 453 548 512 satis
567 454 651 511 etiam
669 452 859 528 significatum
880 451 1010 529 videtur,
1030 470 1088 513 non
1193 495 1195 498 ψ

81 539 225 599 contineri
240 537 309 614 lege
324 537 378 595 nisi
394 539 510 596 noxium
525 536 642 595 lernam.

164 621 225 682 Sed
245 630 291 697 ut,
309 621 357 699 qui
378 620 526 680 voluntate
542 622 662 693 uitetur,
682 620 837 697 scriptum,
856 623 989 698 quotiens
1006 631 1117 700 pote-9

80 709 133 783 rit,
156 706 302 765 intirmare
319 704 454 764 debebit:
483 706 537 778 ita,
558 707 606 782 qui
628 706 765 781 scriptum
787 703 928 781 tuebitur,
951 700 1087 766 adiuva're

80 809 113 852 se
132 791 219 850 etiam
236 789 384 849 voluntate
401 789 562 867 temptabit.
591 787 623 847 ln
637 789 815 847 testamentis
833 797 862 847 et
876 789 927 848 illa
942 790 1086 866 accidunt,

80 874 260 936 ntvoluntas
283 873 435 933 manifesta
460 875 513 949 sit,
535 874 673 951 scriptum
697 871 767 931 nibil
793 874 845 932 sit:
873 883 903 932 ut
928 875 956 932 in
981 874 1086 934 iudicio

81 957 226 1033 (loriano,
251 959 279 1017 in
299 973 356 1035 quo
380 966 447 1017 nota
467 957 498 1016 b.
518 955 616 1016 Crassi
633 966 661 1016 et
677 956 841 1016 Scaevolae
858 958 911 1017 fuit
929 961 1085 1017 contentio.

80 1041 258 1103 Substitutus
279 1041 366 1100 lueres
389 1052 469 1118 erat,
495 1043 519 1100 si
539 1050 688 1119 postumus
711 1048 777 1099 ante
795 1040 905 1100 tutelae
928 1059 1018 1101 annos
1037 1044 1131 1103 dre-10

80 1127 231 1187 cessisset.
276 1124 340 1185 Non
361 1135 405 1184 est
420 1135 512 1186 natus.
558 1125 715 1202 Propinqui
731 1123 806 1184 bona
821 1124 876 1183 sibi
893 1126 1085 1187 vindicabant.

80 1209 152 1284 Quis
168 1209 328 1286 dubitaret,
349 1211 417 1287 quin
438 1228 473 1270 ea
496 1209 629 1275 voluntas
649 1207 753 1267 luisset
773 1210 922 1285 testantis,
942 1219 973 1269 ut
989 1213 1013 1268 is
1030 1228 1088 1271 non

80 1303 148 1354 nato
171 1293 230 1352 ttlto
252 1294 340 1353 lueres
363 1303 460 1370 esset,
479 1294 527 1372 qui
546 1289 681 1351 mortuo?
703 1293 827 1352 sednon
842 1295 1029 1372 scripserat..
1055 1294 1126 1358 ldll

79 1395 215 1458 quoque,
240 1377 318 1455 quod
341 1377 407 1437 buic
428 1379 602 1437 eontrarium
621 1385 683 1451 est,
705 1378 810 1437 accidit
827 1395 935 1455 nuper,
956 1387 987 1437 ut
1007 1389 1088 1438 emet

78 1464 235 1540 scriptum,
260 1461 338 1540 quod
361 1470 517 1541 appareret
537 1462 710 1539 scriptorem
728 1461 875 1521 noluisse:
902 1460 958 1536 Qui
978 1472 1086 1523 sester-

78 1547 149 1606 tium
163 1563 304 1605 nummum
322 1547 448 1624 quinque
462 1546 539 1605 milia
555 1546 721 1622 legaverat,
742 1564 806 1605 cum
822 1546 1004 1624 emendaret,
1020 1547 1086 1608 snb·

78 1630 146 1691 latis
158 1632 301 1690 sestertiis
317 1632 453 1706 nummis,
471 1631 593 1708 arpenti
604 1631 707 1708 pondo
722 1632 835 1708 posuit,
853 1634 988 1710 quinque
1001 1634 1087 1694 milio

79 1724 254 1774 manserunt.
300 1713 442 1794 Apparuit
458 1724 567 1790 tamen,
592 1715 725 1792 queisque
737 1717 840 1793 pondo
861 1715 923 1775 dari
943 1717 1085 1791 voluisse,

79 1800 147 1878 quia
168 1799 218 1858 ille
236 1802 264 1858 iu
280 1809 402 1876 argento
421 1800 519 1877 legato
541 1798 643 1857 modus
659 1807 689 1857 et
706 1799 848 1858 inauditus
865 1808 928 1859 erat
948 1809 978 1858 et
992 1802 1085 1859 inere·

79 1882 187 1942 dibilis.
233 1883 293 1943 Sub
312 1883 369 1943 boc
390 1892 466 1942 statu
481 1882 637 1959 generales
654 1891 718 1941 suut
741 1885 946 1961 quaestiones,
970 1883 1086 1962 Scripta
1096 1892 1128 1945 12

79 1985 116 2027 an
137 1966 288 2027 voluntate
314 1967 522 2046 standumsit,
550 1965 632 2039 Quae
658 1967 745 2025 fuerit
761 1967 916 2026 scribentis
935 1966 1085 2036 voluntas;

77 2051 218 2111 tractatus
243 2068 341 2111 omues
368 2050 512 2132 qualitatis
536 2059 584 2110 aut
608 2051 810 2127 coniecturae,
838 2050 994 2130 dequibus
1015 2052 1085 2111 satis

79 2134 186 2194 dictum
203 2134 336 2195 arbitror.
433 2198 435 2201 ,

406 2267 511 2320 LEGES
534 2267 752 2319 CONTRARIAE.

163 2380 226 2441 vll.
257 2382 418 2442 Proximum
441 2393 486 2443 est
508 2383 545 2443 de
568 2381 719 2459 legibus
741 2384 946 2442 contrariis
972 2383 1082 2459 dicere,

78 2467 145 2544 quia
170 2466 244 2526 inter
266 2483 365 2526 omnes
387 2464 498 2527 Artium
519 2468 678 2546 scriptores
701 2467 844 2542 constitit,
871 2468 898 2526 in
921 2465 1083 2528 Antinomia

77 2549 153 2610 duos
169 2567 237 2609 esse
253 2553 354 2629 scripti
370 2559 400 2610 et
415 2551 571 2611 voluntatis
588 2559 693 2617 stutus;
708 2569 809 2630 neque
826 2552 981 2617 immerito;
1006 2552 1082 2629 quia,
1166 2613 1169 2623 Ι

78 2651 144 2693 cum
168 2633 218 2693 lex
239 2633 300 2713 legi
321 2635 434 2710 obstet,
459 2637 592 2714 utrinque
620 2643 721 2694 contra
745 2636 884 2711 scriptum
906 2634 1026 2708 dicitur,
1054 2642 1084 2692 et

76 2719 211 2796 quaestio
225 2728 271 2778 est
281 2718 317 2780 de
333 2720 494 2786 voluntate:
517 2721 546 2779 in
562 2728 684 2797 utraque
700 2718 729 2777 id
745 2717 914 2794 ambigitur,
934 2737 970 2778 au
985 2719 1083 2796 utique

75 2801 128 2862 illa
147 2801 216 2879 lege
232 2803 270 2862 sit
288 2803 432 2864 utendum.
458 2820 460 2823 ·
478 2802 615 2863 Omnibus
632 2811 726 2862 autem
741 2802 922 2862 manifestum
937 2812 998 2877 est,
1014 2809 1111 2862 nun-2

76 2903 163 2964 quam
189 2905 257 2946 esse
281 2887 378 2965 legem
404 2887 464 2964 legi
490 2888 662 2948 contrariam
684 2889 747 2946 iure
768 2887 848 2966 ipso;
869 2889 963 2966 quia,
990 2888 1015 2945 si
1040 2886 1081 2945 di·

75 2987 194 3030 versum
211 2971 256 3031 ius
272 2980 369 3048 esset,
390 2971 513 3031 alterum
532 2971 625 3031 altero
646 2970 853 3048 abrogaretur;
875 2972 927 3033 sed
946 2989 997 3031 eas
1014 2989 1082 3030 casu

75 3053 176 3115 collidi
192 3063 222 3115 et
237 3064 355 3116 eventu.

162 3135 344 3200 colliduntur
360 3148 455 3200 autem
472 3149 520 3200 aut
537 3158 624 3219 pares
640 3141 715 3201 inter
730 3159 778 3216 se,
803 3148 833 3200 ut
849 3141 873 3199 si
890 3141 970 3219 optio
986 3149 1081 3215 tyran·

74 3223 188 3283 nicidac
207 3231 237 3283 et
250 3224 310 3284 viri
322 3223 406 3284 fortis
425 3233 643 3302 comparentur,
666 3225 781 3303 utrique
801 3224 883 3300 data,
907 3223 984 3304 quod
999 3222 1080 3296 velit,

74 3307 195 3386 petendi
211 3316 372 3385 potestate;
390 3308 437 3368 bic
450 3309 632 3384 meritorum,
651 3309 808 3386 temporis,
825 3309 944 3386 praemii
960 3307 1079 3366 collatio

75 3401 135 3460 est;
156 3399 205 3451 aut
220 3409 320 3452 secum
339 3393 435 3471 ipsae,
458 3401 489 3452 ut
504 3392 623 3453 duorum
641 3391 774 3469 fortium,
791 3393 910 3452 duorum
926 3389 1109 3466 tyrannici-3

74 3473 191 3551 darum,
220 3475 338 3536 duarum
359 3485 522 3556 raptarum,
551 3477 579 3536 in
607 3474 711 3555 quibus
737 3493 793 3536 non
816 3484 1004 3622 poleptaessc
1027 3471 1083 3538 alia
