<?xml version="1.0" encoding="UTF-8"?>
<!DOCTYPE html PUBLIC "-//W3C//DTD XHTML 1.0 Transitional//EN"
    "http://www.w3.org/TR/xhtml1/DTD/xhtml1-transitional.dtd">
<html xmlns="http://www.w3.org/1999/xhtml" xml:lang="en" lang="en">
 <head>
  <title>
</title>
<meta http-equiv="Content-Type" content="text/html;charset=utf-8" />
  <meta name='ocr-system' content='tesseract 3.04.00' />
  <meta name='ocr-capabilities' content='ocr_page ocr_carea ocr_par ocr_line ocrx_word'/>
</head>
<body>
  <div class='ocr_page' id='page_1' title='image "./mfabiiquintilia08quingoog_0224.png"; bbox 0 0 2376 3840; ppageno 0'>
   <div class='ocr_carea' id='block_1_1' title="bbox 346 208 1074 284">
    <p class='ocr_par' dir='ltr' id='par_1_1' title="bbox 346 208 1074 284">
     <span class='ocr_line' id='line_1_1' title="bbox 346 208 1074 284; baseline 0.007 -21"><span class='ocrx_word' id='word_1_1' title='bbox 346 217 435 264; x_wconf 76' lang='lat' dir='ltr'><strong>rusa.</strong></span> <span class='ocrx_word' id='word_1_2' title='bbox 453 216 603 265; x_wconf 78' lang='lat' dir='ltr'><strong>cunnos.</strong></span> <span class='ocrx_word' id='word_1_3' title='bbox 622 218 690 264; x_wconf 83' lang='lat' dir='ltr'><strong>mn.</strong></span> <span class='ocrx_word' id='word_1_4' title='bbox 706 218 760 284; x_wconf 85' lang='lat' dir='ltr'><strong>xu,</strong></span> <span class='ocrx_word' id='word_1_5' title='bbox 780 218 802 267; x_wconf 86' lang='lat'><strong>1.</strong></span> <span class='ocrx_word' id='word_1_6' title='bbox 1015 208 1074 269; x_wconf 78' lang='grc'><strong>199</strong></span> 
     </span>
    </p>
   </div>
   <div class='ocr_carea' id='block_1_2' title="bbox 58 373 1150 3549">
    <p class='ocr_par' dir='ltr' id='par_1_2' title="bbox 63 373 1115 1036">
     <span class='ocr_line' id='line_1_2' title="bbox 69 373 1073 454; baseline 0.005 -23"><span class='ocrx_word' id='word_1_7' title='bbox 69 388 143 452; x_wconf 91' lang='lat' dir='ltr'><strong>quos</strong></span> <span class='ocrx_word' id='word_1_8' title='bbox 160 374 306 432; x_wconf 89' lang='lat' dir='ltr'><strong>orationes</strong></span> <span class='ocrx_word' id='word_1_9' title='bbox 324 373 409 431; x_wconf 88' lang='lat' dir='ltr'><strong>etiam</strong></span> <span class='ocrx_word' id='word_1_10' title='bbox 424 373 593 449; x_wconf 79' lang='lat' dir='ltr'><strong>scripserat,</strong></span> <span class='ocrx_word' id='word_1_11' title='bbox 610 389 710 430; x_wconf 90' lang='lat' dir='ltr'><strong>verum</strong></span> <span class='ocrx_word' id='word_1_12' title='bbox 727 380 755 430; x_wconf 91' lang='lat' dir='ltr'><strong>et</strong></span> <span class='ocrx_word' id='word_1_13' title='bbox 772 373 846 431; x_wconf 90' lang='lat' dir='ltr'><strong>iusta</strong></span> <span class='ocrx_word' id='word_1_14' title='bbox 862 373 905 431; x_wconf 92' lang='lat' dir='ltr'><strong>sic</strong></span> <span class='ocrx_word' id='word_1_15' title='bbox 923 373 1073 454; x_wconf 87' lang='lat' dir='ltr'><strong>iaciendo:</strong></span> 
     </span>
     <span class='ocr_line' id='line_1_3' title="bbox 67 453 1115 532; baseline 0.003 -18"><span class='ocrx_word' id='word_1_16' title='bbox 67 473 125 515; x_wconf 93' lang='lat' dir='ltr'><strong>non</strong></span> <span class='ocrx_word' id='word_1_17' title='bbox 140 474 172 515; x_wconf 92' lang='lat' dir='ltr'><strong>se</strong></span> <span class='ocrx_word' id='word_1_18' title='bbox 188 456 224 515; x_wconf 92' lang='lat' dir='ltr'><strong>de</strong></span> <span class='ocrx_word' id='word_1_19' title='bbox 241 456 348 532; x_wconf 83' lang='lat' dir='ltr'><strong>ingenii</strong></span> <span class='ocrx_word' id='word_1_20' title='bbox 364 455 439 515; x_wconf 85' lang='lat' dir='ltr'><strong>lama</strong></span> <span class='ocrx_word' id='word_1_21' title='bbox 450 456 503 516; x_wconf 91' lang='lat' dir='ltr'><strong>sed</strong></span> <span class='ocrx_word' id='word_1_22' title='bbox 519 456 556 515; x_wconf 94' lang='lat' dir='ltr'><strong>de</strong></span> <span class='ocrx_word' id='word_1_23' title='bbox 572 454 628 514; x_wconf 88' lang='lat' dir='ltr'><strong>lide</strong></span> <span class='ocrx_word' id='word_1_24' title='bbox 646 472 714 514; x_wconf 89' lang='lat' dir='ltr'><strong>esse</strong></span> <span class='ocrx_word' id='word_1_25' title='bbox 729 453 894 514; x_wconf 90' lang='lat' dir='ltr'><strong>sollicitum.</strong></span> <span class='ocrx_word' id='word_1_26' title='bbox 921 453 1115 527; x_wconf 71' lang='lat' dir='ltr'><strong>Difficiliortt</strong></span> 
     </span>
     <span class='ocr_line' id='line_1_4' title="bbox 68 537 1073 614; baseline 0.003 -16"><span class='ocrx_word' id='word_1_27' title='bbox 68 541 95 598; x_wconf 90' lang='lat' dir='ltr'><strong>ei</strong></span> <span class='ocrx_word' id='word_1_28' title='bbox 110 541 182 598; x_wconf 92' lang='lat' dir='ltr'><strong>ratio</strong></span> <span class='ocrx_word' id='word_1_29' title='bbox 196 541 225 598; x_wconf 91' lang='lat' dir='ltr'><strong>in</strong></span> <span class='ocrx_word' id='word_1_30' title='bbox 246 539 352 598; x_wconf 92' lang='lat' dir='ltr'><strong>iudicio</strong></span> <span class='ocrx_word' id='word_1_31' title='bbox 370 537 541 598; x_wconf 80' lang='lat' dir='ltr'><strong>Cluentiano</strong></span> <span class='ocrx_word' id='word_1_32' title='bbox 559 538 627 614; x_wconf 87' lang='lat' dir='ltr'><strong>init,</strong></span> <span class='ocrx_word' id='word_1_33' title='bbox 651 556 714 597; x_wconf 91' lang='lat' dir='ltr'><strong>cum</strong></span> <span class='ocrx_word' id='word_1_34' title='bbox 730 538 933 598; x_wconf 79' lang='lat' dir='ltr'><strong>Scamandrum</strong></span> <span class='ocrx_word' id='word_1_35' title='bbox 948 557 1073 602; x_wconf 90' lang='lat' dir='ltr'><strong>necesse</strong></span> 
     </span>
     <span class='ocr_line' id='line_1_5' title="bbox 66 621 1073 699; baseline 0.003 -18"><span class='ocrx_word' id='word_1_36' title='bbox 66 622 188 682; x_wconf 84' lang='lat' dir='ltr'><strong>haberet</strong></span> <span class='ocrx_word' id='word_1_37' title='bbox 203 622 303 682; x_wconf 90' lang='lat' dir='ltr'><strong>dicere</strong></span> <span class='ocrx_word' id='word_1_38' title='bbox 319 631 483 698; x_wconf 81' lang='lat' dir='ltr'>nocentem,</span> <span class='ocrx_word' id='word_1_39' title='bbox 500 625 579 682; x_wconf 91' lang='lat' dir='ltr'><strong>cuius</strong></span> <span class='ocrx_word' id='word_1_40' title='bbox 598 630 701 699; x_wconf 83' lang='lat' dir='ltr'><strong>egerat</strong></span> <span class='ocrx_word' id='word_1_41' title='bbox 716 639 840 682; x_wconf 89' lang='lat' dir='ltr'><strong>causam.</strong></span> <span class='ocrx_word' id='word_1_42' title='bbox 879 621 987 682; x_wconf 87' lang='lat' dir='ltr'><strong>Verum</strong></span> <span class='ocrx_word' id='word_1_43' title='bbox 1002 623 1073 685; x_wconf 92' lang='lat' dir='ltr'><strong>illud</strong></span> 
     </span>
     <span class='ocr_line' id='line_1_6' title="bbox 66 705 1071 785; baseline 0.002 -20"><span class='ocrx_word' id='word_1_44' title='bbox 66 707 284 784; x_wconf 86' lang='lat' dir='ltr'><strong>elegantissime</strong></span> <span class='ocrx_word' id='word_1_45' title='bbox 306 724 370 765; x_wconf 91' lang='lat' dir='ltr'><strong>cum</strong></span> <span class='ocrx_word' id='word_1_46' title='bbox 393 723 507 781; x_wconf 91' lang='lat' dir='ltr'><strong>eorum,</strong></span> <span class='ocrx_word' id='word_1_47' title='bbox 534 705 673 784; x_wconf 84' lang='lat' dir='ltr'><strong>aquibus</strong></span> <span class='ocrx_word' id='word_1_48' title='bbox 695 706 730 766; x_wconf 88' lang='lat' dir='ltr'><strong>ad</strong></span> <span class='ocrx_word' id='word_1_49' title='bbox 751 724 784 765; x_wconf 87' lang='lat' dir='ltr'><strong>se</strong></span> <span class='ocrx_word' id='word_1_50' title='bbox 804 706 961 785; x_wconf 90' lang='lat' dir='ltr'><strong>perductus</strong></span> <span class='ocrx_word' id='word_1_51' title='bbox 981 717 1071 784; x_wconf 89' lang='lat' dir='ltr'><strong>esset,</strong></span> 
     </span>
     <span class='ocr_line' id='line_1_7' title="bbox 63 789 1071 868; baseline 0.001 -19"><span class='ocrx_word' id='word_1_52' title='bbox 63 790 204 868; x_wconf 87' lang='lat' dir='ltr'><strong>precibus</strong></span> <span class='ocrx_word' id='word_1_53' title='bbox 230 800 289 849; x_wconf 92' lang='lat' dir='ltr'><strong>tum</strong></span> <span class='ocrx_word' id='word_1_54' title='bbox 316 790 402 849; x_wconf 89' lang='lat' dir='ltr'><strong>etiam</strong></span> <span class='ocrx_word' id='word_1_55' title='bbox 429 790 628 850; x_wconf 90' lang='lat' dir='ltr'><strong>adolescentia</strong></span> <span class='ocrx_word' id='word_1_56' title='bbox 651 807 703 850; x_wconf 92' lang='lat' dir='ltr'><strong>sua</strong></span> <span class='ocrx_word' id='word_1_57' title='bbox 730 799 862 858; x_wconf 80' lang='lat' dir='ltr'><strong>excusat:</strong></span> <span class='ocrx_word' id='word_1_58' title='bbox 890 789 1071 851; x_wconf 79' lang='lat' dir='ltr'><strong>detracturus</strong></span> 
     </span>
     <span class='ocr_line' id='line_1_8' title="bbox 64 872 1071 953; baseline 0.003 -20"><span class='ocrx_word' id='word_1_59' title='bbox 64 873 174 951; x_wconf 86' lang='lat' dir='ltr'><strong>alioqui</strong></span> <span class='ocrx_word' id='word_1_60' title='bbox 186 872 337 952; x_wconf 93' lang='lat' dir='ltr'><strong>plurimum</strong></span> <span class='ocrx_word' id='word_1_61' title='bbox 349 874 538 949; x_wconf 81' lang='lat' dir='ltr'><strong>auctoritatis,</strong></span> <span class='ocrx_word' id='word_1_62' title='bbox 551 875 586 949; x_wconf 93' lang='lat' dir='ltr'><strong>si,</strong></span> <span class='ocrx_word' id='word_1_63' title='bbox 601 875 630 932; x_wconf 89' lang='lat' dir='ltr'><strong>iu</strong></span> <span class='ocrx_word' id='word_1_64' title='bbox 643 890 729 933; x_wconf 89' lang='lat' dir='ltr'><strong>causa</strong></span> <span class='ocrx_word' id='word_1_65' title='bbox 740 874 911 952; x_wconf 87' lang='lat' dir='ltr'><strong>praesertim</strong></span> <span class='ocrx_word' id='word_1_66' title='bbox 923 885 1071 953; x_wconf 88' lang='lat' dir='ltr'><strong>suspecta,</strong></span> 
     </span>
     <span class='ocr_line' id='line_1_9' title="bbox 64 957 1070 1036; baseline 0.004 -21"><span class='ocrx_word' id='word_1_67' title='bbox 64 975 98 1015; x_wconf 90' lang='lat' dir='ltr'><strong>se</strong></span> <span class='ocrx_word' id='word_1_68' title='bbox 115 975 179 1015; x_wconf 94' lang='lat' dir='ltr'><strong>eum</strong></span> <span class='ocrx_word' id='word_1_69' title='bbox 196 975 281 1032; x_wconf 86' lang='lat' dir='ltr'><strong>esse,</strong></span> <span class='ocrx_word' id='word_1_70' title='bbox 299 958 347 1034; x_wconf 91' lang='lat' dir='ltr'><strong>qui</strong></span> <span class='ocrx_word' id='word_1_71' title='bbox 364 965 473 1017; x_wconf 89' lang='lat' dir='ltr'><strong>temere</strong></span> <span class='ocrx_word' id='word_1_72' title='bbox 491 965 632 1017; x_wconf 88' lang='lat' dir='ltr'><strong>nocentes</strong></span> <span class='ocrx_word' id='word_1_73' title='bbox 647 973 715 1015; x_wconf 93' lang='lat' dir='ltr'><strong>reos</strong></span> <span class='ocrx_word' id='word_1_74' title='bbox 730 959 903 1036; x_wconf 90' lang='lat' dir='ltr'><strong>susciperet,</strong></span> <span class='ocrx_word' id='word_1_75' title='bbox 921 957 1070 1019; x_wconf 85' lang='lat' dir='ltr'><strong>fateretur.</strong></span> 
     </span>
    </p>

    <p class='ocr_par' dir='ltr' id='par_1_3' title="bbox 58 1040 1113 2877">
     <span class='ocr_line' id='line_1_10' title="bbox 58 1040 1113 1121; baseline 0.002 -21"><span class='ocrx_word' id='word_1_76' title='bbox 58 1043 61 1049; x_wconf 89' lang='lat'>&#39;</span> <span class='ocrx_word' id='word_1_77' title='bbox 151 1041 237 1118; x_wconf 83' lang='lat' dir='ltr'><strong>Apud</strong></span> <span class='ocrx_word' id='word_1_78' title='bbox 257 1040 380 1100; x_wconf 90' lang='lat' dir='ltr'><strong>indicem</strong></span> <span class='ocrx_word' id='word_1_79' title='bbox 402 1059 491 1117; x_wconf 89' lang='lat' dir='ltr'><strong>vero,</strong></span> <span class='ocrx_word' id='word_1_80' title='bbox 515 1042 564 1119; x_wconf 94' lang='lat' dir='ltr'><strong>qui</strong></span> <span class='ocrx_word' id='word_1_81' title='bbox 584 1049 632 1101; x_wconf 91' lang='lat' dir='ltr'><strong>aut</strong></span> <span class='ocrx_word' id='word_1_82' title='bbox 655 1041 711 1099; x_wconf 86' lang='lat' dir='ltr'><strong>erit</strong></span> <span class='ocrx_word' id='word_1_83' title='bbox 730 1042 859 1101; x_wconf 89' lang='lat' dir='ltr'><strong>iuimicus</strong></span> <span class='ocrx_word' id='word_1_84' title='bbox 883 1050 931 1100; x_wconf 90' lang='lat' dir='ltr'><strong>aut</strong></span> <span class='ocrx_word' id='word_1_85' title='bbox 952 1051 1113 1121; x_wconf 82' lang='lat' dir='ltr'><strong>propter75</strong></span> 
     </span>
     <span class='ocr_line' id='line_1_11' title="bbox 64 1124 1070 1203; baseline 0.002 -20"><span class='ocrx_word' id='word_1_86' title='bbox 64 1124 181 1203; x_wconf 83' lang='lat' dir='ltr'><strong>aliquod</strong></span> <span class='ocrx_word' id='word_1_87' title='bbox 199 1125 378 1185; x_wconf 92' lang='lat' dir='ltr'><strong>commodum</strong></span> <span class='ocrx_word' id='word_1_88' title='bbox 394 1143 410 1185; x_wconf 90' lang='lat' dir='ltr'><strong>a</strong></span> <span class='ocrx_word' id='word_1_89' title='bbox 426 1144 524 1201; x_wconf 88' lang='lat' dir='ltr'><strong>eausa,</strong></span> <span class='ocrx_word' id='word_1_90' title='bbox 541 1143 625 1203; x_wconf 90' lang='lat' dir='ltr'><strong>quam</strong></span> <span class='ocrx_word' id='word_1_91' title='bbox 640 1141 693 1184; x_wconf 92' lang='lat' dir='ltr'><strong>nos</strong></span> <span class='ocrx_word' id='word_1_92' title='bbox 708 1126 933 1202; x_wconf 84' lang='lat' dir='ltr'><strong>susceperimus,</strong></span> <span class='ocrx_word' id='word_1_93' title='bbox 948 1126 1070 1202; x_wconf 89' lang='lat' dir='ltr'><strong>alienus,</strong></span> 
     </span>
     <span class='ocr_line' id='line_1_12' title="bbox 63 1206 1072 1286; baseline 0.004 -20"><span class='ocrx_word' id='word_1_94' title='bbox 63 1217 94 1266; x_wconf 94' lang='lat' dir='ltr'><strong>ut</strong></span> <span class='ocrx_word' id='word_1_95' title='bbox 110 1208 303 1286; x_wconf 88' lang='lat' dir='ltr'><strong>persuadendi</strong></span> <span class='ocrx_word' id='word_1_96' title='bbox 319 1208 408 1269; x_wconf 91' lang='lat' dir='ltr'><strong>ardua</strong></span> <span class='ocrx_word' id='word_1_97' title='bbox 423 1211 497 1269; x_wconf 92' lang='lat' dir='ltr'><strong>ratio</strong></span> <span class='ocrx_word' id='word_1_98' title='bbox 513 1210 552 1269; x_wconf 92' lang='lat' dir='ltr'><strong>ita</strong></span> <span class='ocrx_word' id='word_1_99' title='bbox 568 1207 682 1269; x_wconf 89' lang='lat' dir='ltr'><strong>dicendi</strong></span> <span class='ocrx_word' id='word_1_100' title='bbox 697 1209 921 1286; x_wconf 88' lang='lat' dir='ltr'><strong>expeditissima.</strong></span> <span class='ocrx_word' id='word_1_101' title='bbox 953 1206 1072 1271; x_wconf 82' lang='lat' dir='ltr'><strong>Fiducia</strong></span> 
     </span>
     <span class='ocr_line' id='line_1_13' title="bbox 65 1291 1070 1354; baseline 0.001 -5"><span class='ocrx_word' id='word_1_102' title='bbox 65 1294 140 1350; x_wconf 92' lang='lat' dir='ltr'><strong>enim</strong></span> <span class='ocrx_word' id='word_1_103' title='bbox 155 1293 281 1352; x_wconf 89' lang='lat' dir='ltr'><strong>iustitiae</strong></span> <span class='ocrx_word' id='word_1_104' title='bbox 299 1294 361 1352; x_wconf 89' lang='lat' dir='ltr'><strong>eius</strong></span> <span class='ocrx_word' id='word_1_105' title='bbox 380 1302 409 1352; x_wconf 89' lang='lat' dir='ltr'><strong>et</strong></span> <span class='ocrx_word' id='word_1_106' title='bbox 427 1302 545 1353; x_wconf 89' lang='lat' dir='ltr'><strong>nostrae</strong></span> <span class='ocrx_word' id='word_1_107' title='bbox 562 1311 668 1354; x_wconf 90' lang='lat' dir='ltr'><strong>causae</strong></span> <span class='ocrx_word' id='word_1_108' title='bbox 682 1291 753 1352; x_wconf 90' lang='lat' dir='ltr'><strong>nibil</strong></span> <span class='ocrx_word' id='word_1_109' title='bbox 767 1308 821 1351; x_wconf 91' lang='lat' dir='ltr'><strong>nos</strong></span> <span class='ocrx_word' id='word_1_110' title='bbox 838 1293 940 1350; x_wconf 91' lang='lat' dir='ltr'><strong>timere</strong></span> <span class='ocrx_word' id='word_1_111' title='bbox 956 1291 1070 1351; x_wconf 88' lang='lat' dir='ltr'><strong>simula·</strong></span> 
     </span>
     <span class='ocr_line' id='line_1_14' title="bbox 62 1374 1070 1454; baseline 0.003 -21"><span class='ocrx_word' id='word_1_112' title='bbox 62 1374 165 1434; x_wconf 90' lang='lat' dir='ltr'><strong>bimus.</strong></span> <span class='ocrx_word' id='word_1_113' title='bbox 196 1375 264 1454; x_wconf 89' lang='lat' dir='ltr'><strong>lpse</strong></span> <span class='ocrx_word' id='word_1_114' title='bbox 283 1379 337 1437; x_wconf 92' lang='lat' dir='ltr'><strong>erit</strong></span> <span class='ocrx_word' id='word_1_115' title='bbox 351 1376 445 1454; x_wconf 81' lang='lat' dir='ltr'><strong>gloria</strong></span> <span class='ocrx_word' id='word_1_116' title='bbox 460 1377 616 1453; x_wconf 87' lang='lat' dir='ltr'><strong>inllaudus,</strong></span> <span class='ocrx_word' id='word_1_117' title='bbox 636 1385 666 1436; x_wconf 93' lang='lat' dir='ltr'><strong>ut</strong></span> <span class='ocrx_word' id='word_1_118' title='bbox 681 1383 760 1437; x_wconf 88' lang='lat' dir='ltr'><strong>tanto</strong></span> <span class='ocrx_word' id='word_1_119' title='bbox 777 1376 884 1437; x_wconf 89' lang='lat' dir='ltr'><strong>clarior</strong></span> <span class='ocrx_word' id='word_1_120' title='bbox 899 1378 961 1434; x_wconf 92' lang='lat' dir='ltr'><strong>eius</strong></span> <span class='ocrx_word' id='word_1_121' title='bbox 976 1376 1070 1436; x_wconf 85' lang='lat' dir='ltr'><strong>lutura</strong></span> 
     </span>
     <span class='ocr_line' id='line_1_15' title="bbox 61 1459 1069 1541; baseline 0.002 -25"><span class='ocrx_word' id='word_1_122' title='bbox 61 1461 100 1517; x_wconf 87' lang='lat' dir='ltr'><strong>sit</strong></span> <span class='ocrx_word' id='word_1_123' title='bbox 118 1459 191 1519; x_wconf 84' lang='lat' dir='ltr'><strong>indes</strong></span> <span class='ocrx_word' id='word_1_124' title='bbox 207 1478 243 1519; x_wconf 90' lang='lat' dir='ltr'><strong>ac</strong></span> <span class='ocrx_word' id='word_1_125' title='bbox 258 1461 363 1538; x_wconf 85' lang='lat' dir='ltr'><strong>religio</strong></span> <span class='ocrx_word' id='word_1_126' title='bbox 379 1463 406 1520; x_wconf 92' lang='lat' dir='ltr'><strong>in</strong></span> <span class='ocrx_word' id='word_1_127' title='bbox 428 1461 652 1540; x_wconf 86' lang='lat' dir='ltr'><strong>pronuntiando,</strong></span> <span class='ocrx_word' id='word_1_128' title='bbox 679 1468 785 1539; x_wconf 89' lang='lat' dir='ltr'><strong>quanto</strong></span> <span class='ocrx_word' id='word_1_129' title='bbox 806 1460 897 1519; x_wconf 91' lang='lat' dir='ltr'><strong>minus</strong></span> <span class='ocrx_word' id='word_1_130' title='bbox 916 1459 965 1520; x_wconf 87' lang='lat' dir='ltr'><strong>vel</strong></span> <span class='ocrx_word' id='word_1_131' title='bbox 979 1459 1069 1541; x_wconf 77' lang='lat' dir='ltr'><strong>offen·</strong></span> 
     </span>
     <span class='ocr_line' id='line_1_16' title="bbox 63 1542 1112 1622; baseline 0.003 -22"><span class='ocrx_word' id='word_1_132' title='bbox 63 1561 115 1602; x_wconf 88' lang='lat' dir='ltr'><strong>sae</strong></span> <span class='ocrx_word' id='word_1_133' title='bbox 132 1543 181 1602; x_wconf 90' lang='lat' dir='ltr'><strong>vel</strong></span> <span class='ocrx_word' id='word_1_134' title='bbox 196 1544 310 1605; x_wconf 86' lang='lat' dir='ltr'><strong>utilitati</strong></span> <span class='ocrx_word' id='word_1_135' title='bbox 331 1563 402 1604; x_wconf 92' lang='lat' dir='ltr'><strong>suae</strong></span> <span class='ocrx_word' id='word_1_136' title='bbox 423 1545 582 1606; x_wconf 91' lang='lat' dir='ltr'><strong>indulserit.</strong></span> <span class='ocrx_word' id='word_1_137' title='bbox 616 1544 680 1605; x_wconf 88' lang='lat' dir='ltr'><strong>Hoc</strong></span> <span class='ocrx_word' id='word_1_138' title='bbox 697 1553 726 1603; x_wconf 90' lang='lat' dir='ltr'><strong>et</strong></span> <span class='ocrx_word' id='word_1_139' title='bbox 748 1546 823 1622; x_wconf 94' lang='lat' dir='ltr'><strong>apud</strong></span> <span class='ocrx_word' id='word_1_140' title='bbox 845 1560 913 1620; x_wconf 90' lang='lat' dir='ltr'><strong>eos,</strong></span> <span class='ocrx_word' id='word_1_141' title='bbox 934 1542 1069 1622; x_wconf 88' lang='lat' dir='ltr'><strong>aquibus</strong></span> <span class='ocrx_word' id='word_1_142' title='bbox 1078 1557 1112 1613; x_wconf 74' lang='lat' dir='ltr'><strong>7ss</strong></span> 
     </span>
     <span class='ocr_line' id='line_1_17' title="bbox 62 1626 1069 1704; baseline 0.002 -19"><span class='ocrx_word' id='word_1_143' title='bbox 62 1626 241 1703; x_wconf 90' lang='lat' dir='ltr'><strong>appellatum</strong></span> <span class='ocrx_word' id='word_1_144' title='bbox 264 1630 335 1704; x_wconf 90' lang='lat' dir='ltr'><strong>erit,</strong></span> <span class='ocrx_word' id='word_1_145' title='bbox 360 1630 384 1687; x_wconf 90' lang='lat' dir='ltr'><strong>si</strong></span> <span class='ocrx_word' id='word_1_146' title='bbox 407 1627 484 1688; x_wconf 87' lang='lat' dir='ltr'><strong>forte</strong></span> <span class='ocrx_word' id='word_1_147' title='bbox 505 1630 540 1690; x_wconf 90' lang='lat' dir='ltr'><strong>ad</strong></span> <span class='ocrx_word' id='word_1_148' title='bbox 557 1627 675 1688; x_wconf 91' lang='lat' dir='ltr'><strong>eosdem</strong></span> <span class='ocrx_word' id='word_1_149' title='bbox 693 1629 883 1695; x_wconf 89' lang='lat' dir='ltr'><strong>remittemur;</strong></span> <span class='ocrx_word' id='word_1_150' title='bbox 910 1626 1069 1687; x_wconf 90' lang='lat' dir='ltr'><strong>adiicienda</strong></span> 
     </span>
     <span class='ocr_line' id='line_1_18' title="bbox 62 1711 1068 1788; baseline 0.001 -20"><span class='ocrx_word' id='word_1_151' title='bbox 62 1711 136 1770; x_wconf 88' lang='lat' dir='ltr'><strong>ratio</strong></span> <span class='ocrx_word' id='word_1_152' title='bbox 149 1711 198 1770; x_wconf 90' lang='lat' dir='ltr'><strong>vel</strong></span> <span class='ocrx_word' id='word_1_153' title='bbox 213 1713 397 1773; x_wconf 89' lang='lat' dir='ltr'><strong>necessitatis</strong></span> <span class='ocrx_word' id='word_1_154' title='bbox 411 1713 542 1788; x_wconf 90' lang='lat' dir='ltr'><strong>alicuius,</strong></span> <span class='ocrx_word' id='word_1_155' title='bbox 559 1714 584 1771; x_wconf 92' lang='lat' dir='ltr'><strong>si</strong></span> <span class='ocrx_word' id='word_1_156' title='bbox 599 1712 627 1771; x_wconf 87' lang='lat' dir='ltr'><strong>id</strong></span> <span class='ocrx_word' id='word_1_157' title='bbox 640 1728 727 1772; x_wconf 89' lang='lat' dir='ltr'><strong>causa</strong></span> <span class='ocrx_word' id='word_1_158' title='bbox 739 1711 882 1786; x_wconf 89' lang='lat' dir='ltr'><strong>concedit,</strong></span> <span class='ocrx_word' id='word_1_159' title='bbox 898 1711 947 1770; x_wconf 88' lang='lat' dir='ltr'><strong>vel</strong></span> <span class='ocrx_word' id='word_1_160' title='bbox 961 1712 1068 1769; x_wconf 90' lang='lat' dir='ltr'><strong>erroris</strong></span> 
     </span>
     <span class='ocr_line' id='line_1_19' title="bbox 62 1792 1069 1873; baseline 0 -21"><span class='ocrx_word' id='word_1_161' title='bbox 62 1794 111 1852; x_wconf 90' lang='lat' dir='ltr'><strong>vel</strong></span> <span class='ocrx_word' id='word_1_162' title='bbox 130 1797 315 1873; x_wconf 88' lang='lat' dir='ltr'><strong>suspicionis.</strong></span> <span class='ocrx_word' id='word_1_163' title='bbox 352 1794 535 1856; x_wconf 85' lang='lat' dir='ltr'><strong>Tutissimum</strong></span> <span class='ocrx_word' id='word_1_164' title='bbox 561 1812 633 1873; x_wconf 83' lang='lat' dir='ltr'><strong>ergo</strong></span> <span class='ocrx_word' id='word_1_165' title='bbox 654 1796 851 1873; x_wconf 88' lang='lat' dir='ltr'><strong>poenitentiae</strong></span> <span class='ocrx_word' id='word_1_166' title='bbox 875 1792 1023 1853; x_wconf 79' lang='lat' dir='ltr'><strong>confessio</strong></span> <span class='ocrx_word' id='word_1_167' title='bbox 1040 1794 1069 1852; x_wconf 84' lang='lat' dir='ltr'><strong>et</strong></span> 
     </span>
     <span class='ocr_line' id='line_1_20' title="bbox 62 1874 1067 1958; baseline 0.001 -23"><span class='ocrx_word' id='word_1_168' title='bbox 62 1878 223 1937; x_wconf 81' lang='lat' dir='ltr'><strong>satisfactio</strong></span> <span class='ocrx_word' id='word_1_169' title='bbox 240 1880 360 1958; x_wconf 88' lang='lat' dir='ltr'><strong>cnlpae,</strong></span> <span class='ocrx_word' id='word_1_170' title='bbox 382 1879 642 1958; x_wconf 87' lang='lat' dir='ltr'><strong>perducendusque</strong></span> <span class='ocrx_word' id='word_1_171' title='bbox 658 1877 834 1938; x_wconf 90' lang='lat' dir='ltr'><strong>omnimodo</strong></span> <span class='ocrx_word' id='word_1_172' title='bbox 850 1878 937 1937; x_wconf 83' lang='lat' dir='ltr'><strong>iudex</strong></span> <span class='ocrx_word' id='word_1_173' title='bbox 954 1874 989 1936; x_wconf 74' lang='lat' dir='ltr'><strong>a&#39;d</strong></span> <span class='ocrx_word' id='word_1_174' title='bbox 1006 1878 1067 1936; x_wconf 91' lang='lat' dir='ltr'><strong>irae</strong></span> 
     </span>
     <span class='ocr_line' id='line_1_21' title="bbox 62 1959 1109 2040; baseline 0.002 -21"><span class='ocrx_word' id='word_1_175' title='bbox 62 1960 213 2038; x_wconf 91' lang='lat' dir='ltr'><strong>pudorem.</strong></span> <span class='ocrx_word' id='word_1_176' title='bbox 242 1962 358 2022; x_wconf 82' lang='lat' dir='ltr'><strong>Accidit</strong></span> <span class='ocrx_word' id='word_1_177' title='bbox 377 1965 461 2022; x_wconf 87' lang='lat' dir='ltr'><strong>etiam</strong></span> <span class='ocrx_word' id='word_1_178' title='bbox 482 1980 683 2040; x_wconf 91' lang='lat' dir='ltr'><strong>nonnunquam</strong></span> <span class='ocrx_word' id='word_1_179' title='bbox 701 1962 802 2022; x_wconf 92' lang='lat' dir='ltr'><strong>eadem</strong></span> <span class='ocrx_word' id='word_1_180' title='bbox 826 1978 929 2035; x_wconf 89' lang='lat' dir='ltr'><strong>causa,</strong></span> <span class='ocrx_word' id='word_1_181' title='bbox 952 1959 989 2019; x_wconf 91' lang='lat' dir='ltr'><strong>de</strong></span> <span class='ocrx_word' id='word_1_182' title='bbox 1011 1978 1067 2039; x_wconf 89' lang='lat' dir='ltr'><strong>qua</strong></span> <span class='ocrx_word' id='word_1_183' title='bbox 1075 1975 1109 2031; x_wconf 81' lang='lat'><strong>77</strong></span> 
     </span>
     <span class='ocr_line' id='line_1_22' title="bbox 62 2043 1066 2125; baseline 0 -23"><span class='ocrx_word' id='word_1_184' title='bbox 62 2048 253 2122; x_wconf 90' lang='lat' dir='ltr'><strong>pronuntiarit</strong></span> <span class='ocrx_word' id='word_1_185' title='bbox 279 2056 498 2125; x_wconf 83' lang='lat' dir='ltr'><strong>cognoscatque</strong></span> <span class='ocrx_word' id='word_1_186' title='bbox 519 2049 630 2106; x_wconf 88' lang='lat' dir='ltr'><strong>iterum.</strong></span> <span class='ocrx_word' id='word_1_187' title='bbox 663 2044 735 2105; x_wconf 84' lang='lat' dir='ltr'><strong>Tum</strong></span> <span class='ocrx_word' id='word_1_188' title='bbox 761 2045 831 2105; x_wconf 91' lang='lat' dir='ltr'><strong>illud</strong></span> <span class='ocrx_word' id='word_1_189' title='bbox 853 2043 968 2121; x_wconf 91' lang='lat' dir='ltr'><strong>quidem</strong></span> <span class='ocrx_word' id='word_1_190' title='bbox 990 2061 1066 2102; x_wconf 93' lang='lat' dir='ltr'><strong>com·</strong></span> 
     </span>
     <span class='ocr_line' id='line_1_23' title="bbox 60 2127 1066 2208; baseline 0.003 -23"><span class='ocrx_word' id='word_1_191' title='bbox 60 2145 161 2187; x_wconf 86' lang='lat' dir='ltr'><strong>mune:</strong></span> <span class='ocrx_word' id='word_1_192' title='bbox 178 2131 254 2207; x_wconf 90' lang='lat' dir='ltr'><strong>apud</strong></span> <span class='ocrx_word' id='word_1_193' title='bbox 270 2130 354 2190; x_wconf 91' lang='lat' dir='ltr'><strong>alium</strong></span> <span class='ocrx_word' id='word_1_194' title='bbox 370 2146 424 2190; x_wconf 92' lang='lat' dir='ltr'><strong>nos</strong></span> <span class='ocrx_word' id='word_1_195' title='bbox 439 2131 562 2191; x_wconf 89' lang='lat' dir='ltr'><strong>iudicem</strong></span> <span class='ocrx_word' id='word_1_196' title='bbox 577 2130 772 2208; x_wconf 89' lang='lat' dir='ltr'><strong>disputaturos</strong></span> <span class='ocrx_word' id='word_1_197' title='bbox 785 2129 821 2188; x_wconf 92' lang='lat' dir='ltr'><strong>de</strong></span> <span class='ocrx_word' id='word_1_198' title='bbox 833 2127 909 2187; x_wconf 91' lang='lat' dir='ltr'><strong>illius</strong></span> <span class='ocrx_word' id='word_1_199' title='bbox 925 2129 1066 2188; x_wconf 90' lang='lat' dir='ltr'><strong>sententia</strong></span> 
     </span>
     <span class='ocr_line' id='line_1_24' title="bbox 62 2212 1064 2293; baseline 0.001 -25"><span class='ocrx_word' id='word_1_200' title='bbox 62 2228 120 2269; x_wconf 94' lang='lat' dir='ltr'><strong>non</strong></span> <span class='ocrx_word' id='word_1_201' title='bbox 137 2213 239 2290; x_wconf 81' lang='lat' dir='ltr'><strong>luisse,</strong></span> <span class='ocrx_word' id='word_1_202' title='bbox 255 2232 351 2293; x_wconf 88' lang='lat' dir='ltr'><strong>neque</strong></span> <span class='ocrx_word' id='word_1_203' title='bbox 368 2215 441 2274; x_wconf 91' lang='lat' dir='ltr'><strong>enim</strong></span> <span class='ocrx_word' id='word_1_204' title='bbox 458 2214 604 2274; x_wconf 89' lang='lat' dir='ltr'><strong>emendari</strong></span> <span class='ocrx_word' id='word_1_205' title='bbox 618 2213 653 2274; x_wconf 87' lang='lat' dir='ltr'><strong>ab</strong></span> <span class='ocrx_word' id='word_1_206' title='bbox 669 2214 727 2274; x_wconf 90' lang='lat' dir='ltr'><strong>alio</strong></span> <span class='ocrx_word' id='word_1_207' title='bbox 742 2230 827 2292; x_wconf 89' lang='lat' dir='ltr'><strong>quam</strong></span> <span class='ocrx_word' id='word_1_208' title='bbox 842 2213 908 2290; x_wconf 90' lang='lat' dir='ltr'><strong>ipso</strong></span> <span class='ocrx_word' id='word_1_209' title='bbox 924 2212 967 2273; x_wconf 86' lang='lat' dir='ltr'><strong>ias</strong></span> <span class='ocrx_word' id='word_1_210' title='bbox 983 2228 1064 2279; x_wconf 90' lang='lat' dir='ltr'><strong>esse;</strong></span> 
     </span>
     <span class='ocr_line' id='line_1_25' title="bbox 62 2297 1065 2377; baseline 0.001 -23"><span class='ocrx_word' id='word_1_211' title='bbox 62 2304 192 2355; x_wconf 91' lang='lat' dir='ltr'><strong>ceterum</strong></span> <span class='ocrx_word' id='word_1_212' title='bbox 206 2315 243 2356; x_wconf 84' lang='lat' dir='ltr'><strong>ex</strong></span> <span class='ocrx_word' id='word_1_213' title='bbox 260 2315 362 2374; x_wconf 89' lang='lat' dir='ltr'><strong>causa,</strong></span> <span class='ocrx_word' id='word_1_214' title='bbox 385 2308 416 2359; x_wconf 94' lang='lat' dir='ltr'><strong>ut</strong></span> <span class='ocrx_word' id='word_1_215' title='bbox 431 2316 564 2377; x_wconf 88' lang='lat' dir='ltr'><strong>quaeque</strong></span> <span class='ocrx_word' id='word_1_216' title='bbox 579 2299 740 2377; x_wconf 89' lang='lat' dir='ltr'><strong>permittet:</strong></span> <span class='ocrx_word' id='word_1_217' title='bbox 769 2306 817 2357; x_wconf 92' lang='lat' dir='ltr'><strong>aut</strong></span> <span class='ocrx_word' id='word_1_218' title='bbox 831 2297 962 2374; x_wconf 83' lang='lat' dir='ltr'><strong>ignorata</strong></span> <span class='ocrx_word' id='word_1_219' title='bbox 978 2313 1065 2374; x_wconf 89' lang='lat' dir='ltr'><strong>qnae·</strong></span> 
     </span>
     <span class='ocr_line' id='line_1_26' title="bbox 61 2379 1065 2461; baseline 0 -23"><span class='ocrx_word' id='word_1_220' title='bbox 61 2379 124 2438; x_wconf 92' lang='lat' dir='ltr'><strong>dam</strong></span> <span class='ocrx_word' id='word_1_221' title='bbox 150 2389 198 2440; x_wconf 91' lang='lat' dir='ltr'><strong>aut</strong></span> <span class='ocrx_word' id='word_1_222' title='bbox 224 2380 353 2441; x_wconf 84' lang='lat' dir='ltr'><strong>defuisse</strong></span> <span class='ocrx_word' id='word_1_223' title='bbox 375 2391 467 2442; x_wconf 88' lang='lat' dir='ltr'><strong>testes</strong></span> <span class='ocrx_word' id='word_1_224' title='bbox 494 2390 542 2443; x_wconf 89' lang='lat' dir='ltr'><strong>aut</strong></span> <span class='ocrx_word' id='word_1_225' title='bbox 565 2382 659 2461; x_wconf 91' lang='lat' dir='ltr'><strong>(quod</strong></span> <span class='ocrx_word' id='word_1_226' title='bbox 684 2382 861 2443; x_wconf 86' lang='lat' dir='ltr'><strong>timidissime</strong></span> <span class='ocrx_word' id='word_1_227' title='bbox 881 2389 925 2455; x_wconf 90' lang='lat' dir='ltr'><strong>et,</strong></span> <span class='ocrx_word' id='word_1_228' title='bbox 950 2381 974 2438; x_wconf 94' lang='lat' dir='ltr'><strong>si</strong></span> <span class='ocrx_word' id='word_1_229' title='bbox 996 2379 1065 2439; x_wconf 89' lang='lat' dir='ltr'><strong>nibil</strong></span> 
     </span>
     <span class='ocr_line' id='line_1_27' title="bbox 61 2461 1063 2546; baseline -0.001 -25"><span class='ocrx_word' id='word_1_230' title='bbox 61 2461 138 2521; x_wconf 91' lang='lat' dir='ltr'><strong>aliud</strong></span> <span class='ocrx_word' id='word_1_231' title='bbox 159 2463 246 2540; x_wconf 90' lang='lat' dir='ltr'><strong>plane</strong></span> <span class='ocrx_word' id='word_1_232' title='bbox 268 2465 372 2541; x_wconf 89' lang='lat' dir='ltr'><strong>inerit,</strong></span> <span class='ocrx_word' id='word_1_233' title='bbox 401 2464 552 2525; x_wconf 89' lang='lat' dir='ltr'><strong>dicendum</strong></span> <span class='ocrx_word' id='word_1_234' title='bbox 576 2467 636 2546; x_wconf 90' lang='lat' dir='ltr'><strong>est)</strong></span> <span class='ocrx_word' id='word_1_235' title='bbox 659 2475 798 2543; x_wconf 90' lang='lat' dir='ltr'><strong>patronos</strong></span> <span class='ocrx_word' id='word_1_236' title='bbox 821 2481 878 2522; x_wconf 93' lang='lat' dir='ltr'><strong>nou</strong></span> <span class='ocrx_word' id='word_1_237' title='bbox 900 2463 1063 2537; x_wconf 78' lang='lat' dir='ltr'><strong>suffecisse,</strong></span> 
     </span>
     <span class='ocr_line' id='line_1_28' title="bbox 61 2543 1108 2628; baseline 0.005 -25"><span class='ocrx_word' id='word_1_238' title='bbox 61 2555 223 2606; x_wconf 86' lang='lat' dir='ltr'><strong>succurret.</strong></span> <span class='ocrx_word' id='word_1_239' title='bbox 251 2545 355 2625; x_wconf 81' lang='lat' dir='ltr'><strong>Etiam,</strong></span> <span class='ocrx_word' id='word_1_240' title='bbox 371 2550 396 2607; x_wconf 90' lang='lat' dir='ltr'><strong>si</strong></span> <span class='ocrx_word' id='word_1_241' title='bbox 411 2550 487 2628; x_wconf 90' lang='lat' dir='ltr'><strong>apud</strong></span> <span class='ocrx_word' id='word_1_242' title='bbox 502 2550 575 2609; x_wconf 88' lang='lat' dir='ltr'><strong>alios</strong></span> <span class='ocrx_word' id='word_1_243' title='bbox 590 2550 701 2608; x_wconf 89' lang='lat' dir='ltr'><strong>iudices</strong></span> <span class='ocrx_word' id='word_1_244' title='bbox 718 2557 835 2625; x_wconf 81' lang='lat' dir='ltr'><strong>agetur,</strong></span> <span class='ocrx_word' id='word_1_245' title='bbox 852 2554 883 2604; x_wconf 89' lang='lat' dir='ltr'><strong>ut</strong></span> <span class='ocrx_word' id='word_1_246' title='bbox 898 2547 925 2603; x_wconf 89' lang='lat' dir='ltr'><strong>in</strong></span> <span class='ocrx_word' id='word_1_247' title='bbox 940 2543 1108 2610; x_wconf 80' lang='lat' dir='ltr'><strong>secundare</strong></span> 
     </span>
     <span class='ocr_line' id='line_1_29' title="bbox 61 2627 1065 2707; baseline -0.001 -21"><span class='ocrx_word' id='word_1_248' title='bbox 61 2631 225 2688; x_wconf 91' lang='lat' dir='ltr'><strong>assertione</strong></span> <span class='ocrx_word' id='word_1_249' title='bbox 253 2640 301 2689; x_wconf 90' lang='lat' dir='ltr'><strong>aut</strong></span> <span class='ocrx_word' id='word_1_250' title='bbox 326 2634 354 2689; x_wconf 94' lang='lat' dir='ltr'><strong>iu</strong></span> <span class='ocrx_word' id='word_1_251' title='bbox 383 2632 633 2692; x_wconf 88' lang='lat' dir='ltr'><strong>centumviralibus</strong></span> <span class='ocrx_word' id='word_1_252' title='bbox 659 2631 770 2691; x_wconf 92' lang='lat' dir='ltr'><strong>iudiciis</strong></span> <span class='ocrx_word' id='word_1_253' title='bbox 795 2627 957 2707; x_wconf 89' lang='lat' dir='ltr'><strong>duplicibus</strong></span> <span class='ocrx_word' id='word_1_254' title='bbox 982 2635 1065 2704; x_wconf 87' lang='lat' dir='ltr'><strong>parte</strong></span> 
     </span>
     <span class='ocr_line' id='line_1_30' title="bbox 59 2711 1065 2794; baseline 0.002 -26"><span class='ocrx_word' id='word_1_255' title='bbox 59 2711 153 2786; x_wconf 89' lang='lat' dir='ltr'><strong>victa,</strong></span> <span class='ocrx_word' id='word_1_256' title='bbox 181 2713 330 2772; x_wconf 88' lang='lat' dir='ltr'><strong>decentius</strong></span> <span class='ocrx_word' id='word_1_257' title='bbox 352 2716 422 2790; x_wconf 87' lang='lat' dir='ltr'><strong>erit,</strong></span> <span class='ocrx_word' id='word_1_258' title='bbox 447 2717 581 2794; x_wconf 90' lang='lat' dir='ltr'><strong>quotiens</strong></span> <span class='ocrx_word' id='word_1_259' title='bbox 604 2716 773 2791; x_wconf 81' lang='lat' dir='ltr'><strong>contigerit,</strong></span> <span class='ocrx_word' id='word_1_260' title='bbox 801 2729 921 2772; x_wconf 89' lang='lat' dir='ltr'><strong>servare</strong></span> <span class='ocrx_word' id='word_1_261' title='bbox 941 2711 1065 2770; x_wconf 91' lang='lat' dir='ltr'><strong>iudicum</strong></span> 
     </span>
     <span class='ocr_line' id='line_1_31' title="bbox 60 2795 979 2877; baseline -0.002 -24"><span class='ocrx_word' id='word_1_262' title='bbox 60 2795 216 2872; x_wconf 92' lang='lat' dir='ltr'><strong>pudorem;</strong></span> <span class='ocrx_word' id='word_1_263' title='bbox 234 2796 270 2855; x_wconf 90' lang='lat' dir='ltr'><strong>de</strong></span> <span class='ocrx_word' id='word_1_264' title='bbox 285 2815 341 2876; x_wconf 89' lang='lat' dir='ltr'><strong>qua</strong></span> <span class='ocrx_word' id='word_1_265' title='bbox 356 2815 389 2856; x_wconf 92' lang='lat' dir='ltr'><strong>re</strong></span> <span class='ocrx_word' id='word_1_266' title='bbox 405 2797 489 2858; x_wconf 90' lang='lat' dir='ltr'><strong>latius</strong></span> <span class='ocrx_word' id='word_1_267' title='bbox 504 2798 704 2877; x_wconf 90' lang='lat' dir='ltr'><strong>probationum</strong></span> <span class='ocrx_word' id='word_1_268' title='bbox 720 2797 788 2856; x_wconf 93' lang='lat' dir='ltr'><strong>loco</strong></span> <span class='ocrx_word' id='word_1_269' title='bbox 804 2798 909 2856; x_wconf 92' lang='lat' dir='ltr'><strong>dictum</strong></span> <span class='ocrx_word' id='word_1_270' title='bbox 925 2803 979 2854; x_wconf 93' lang='lat' dir='ltr'><strong>est.</strong></span> 
     </span>
    </p>

    <p class='ocr_par' dir='ltr' id='par_1_4' title="bbox 59 2877 1150 3549">
     <span class='ocr_line' id='line_1_32' title="bbox 144 2877 1065 2959; baseline -0.002 -20"><span class='ocrx_word' id='word_1_271' title='bbox 144 2878 244 2940; x_wconf 89' lang='lat' dir='ltr'><strong>Potest</strong></span> <span class='ocrx_word' id='word_1_272' title='bbox 260 2883 393 2957; x_wconf 90' lang='lat' dir='ltr'><strong>evenire,</strong></span> <span class='ocrx_word' id='word_1_273' title='bbox 409 2891 440 2941; x_wconf 90' lang='lat' dir='ltr'><strong>ut</strong></span> <span class='ocrx_word' id='word_1_274' title='bbox 454 2883 483 2940; x_wconf 90' lang='lat' dir='ltr'><strong>in</strong></span> <span class='ocrx_word' id='word_1_275' title='bbox 498 2881 561 2942; x_wconf 86' lang='lat' dir='ltr'><strong>aliis</strong></span> <span class='ocrx_word' id='word_1_276' title='bbox 578 2879 819 2959; x_wconf 88' lang='lat' dir='ltr'><strong>reprehendenda</strong></span> <span class='ocrx_word' id='word_1_277' title='bbox 835 2879 901 2954; x_wconf 90' lang='lat' dir='ltr'><strong>sint,</strong></span> <span class='ocrx_word' id='word_1_278' title='bbox 920 2895 994 2957; x_wconf 91' lang='lat' dir='ltr'><strong>qnae</strong></span> <span class='ocrx_word' id='word_1_279' title='bbox 1009 2877 1065 2958; x_wconf 89' lang='lat' dir='ltr'><strong>ipsi</strong></span> 
     </span>
     <span class='ocr_line' id='line_1_33' title="bbox 59 2961 1063 3043; baseline 0 -23"><span class='ocrx_word' id='word_1_280' title='bbox 59 2962 231 3040; x_wconf 82' lang='lat' dir='ltr'><strong>fecerimus,</strong></span> <span class='ocrx_word' id='word_1_281' title='bbox 253 2973 283 3023; x_wconf 92' lang='lat' dir='ltr'><strong>ut</strong></span> <span class='ocrx_word' id='word_1_282' title='bbox 305 2965 404 3025; x_wconf 91' lang='lat' dir='ltr'><strong>obiicit</strong></span> <span class='ocrx_word' id='word_1_283' title='bbox 419 2964 535 3025; x_wconf 84' lang='lat' dir='ltr'><strong>Tubero</strong></span> <span class='ocrx_word' id='word_1_284' title='bbox 552 2964 683 3043; x_wconf 84' lang='lat' dir='ltr'><strong>Ligario,</strong></span> <span class='ocrx_word' id='word_1_285' title='bbox 706 2964 784 3043; x_wconf 94' lang='lat' dir='ltr'><strong>quod</strong></span> <span class='ocrx_word' id='word_1_286' title='bbox 804 2965 833 3023; x_wconf 94' lang='lat' dir='ltr'><strong>in</strong></span> <span class='ocrx_word' id='word_1_287' title='bbox 850 2961 949 3022; x_wconf 79' lang='lat' dir='ltr'><strong>Africa</strong></span> <span class='ocrx_word' id='word_1_288' title='bbox 968 2962 1063 3022; x_wconf 81' lang='lat' dir='ltr'><strong>merit.</strong></span> 
     </span>
     <span class='ocr_line' id='line_1_34' title="bbox 59 3044 1107 3128; baseline 0.006 -25"><span class='ocrx_word' id='word_1_289' title='bbox 59 3044 98 3104; x_wconf 87' lang='lat' dir='ltr'><strong>Et</strong></span> <span class='ocrx_word' id='word_1_290' title='bbox 122 3047 243 3107; x_wconf 90' lang='lat' dir='ltr'><strong>ambitus</strong></span> <span class='ocrx_word' id='word_1_291' title='bbox 270 3051 385 3128; x_wconf 93' lang='lat' dir='ltr'><strong>quidam</strong></span> <span class='ocrx_word' id='word_1_292' title='bbox 410 3050 532 3109; x_wconf 90' lang='lat' dir='ltr'><strong>damnati</strong></span> <span class='ocrx_word' id='word_1_293' title='bbox 560 3047 776 3128; x_wconf 89' lang='lat' dir='ltr'><strong>recuperandae</strong></span> <span class='ocrx_word' id='word_1_294' title='bbox 803 3047 947 3125; x_wconf 85' lang='lat' dir='ltr'><strong>dignitatis</strong></span> <span class='ocrx_word' id='word_1_295' title='bbox 972 3047 1107 3123; x_wconf 77' lang='lat' dir='ltr'><strong>gratiail)</strong></span> 
     </span>
     <span class='ocr_line' id='line_1_35' title="bbox 60 3131 1150 3209; baseline 0.002 -23"><span class='ocrx_word' id='word_1_296' title='bbox 60 3146 128 3187; x_wconf 88' lang='lat' dir='ltr'><strong>reos</strong></span> <span class='ocrx_word' id='word_1_297' title='bbox 151 3132 278 3192; x_wconf 90' lang='lat' dir='ltr'><strong>eiusdem</strong></span> <span class='ocrx_word' id='word_1_298' title='bbox 302 3135 427 3193; x_wconf 90' lang='lat' dir='ltr'><strong>criminis</strong></span> <span class='ocrx_word' id='word_1_299' title='bbox 448 3133 629 3209; x_wconf 87' lang='lat' dir='ltr'><strong>detulerunt,</strong></span> <span class='ocrx_word' id='word_1_300' title='bbox 649 3142 680 3192; x_wconf 90' lang='lat' dir='ltr'><strong>ut</strong></span> <span class='ocrx_word' id='word_1_301' title='bbox 699 3134 727 3192; x_wconf 92' lang='lat' dir='ltr'><strong>iu</strong></span> <span class='ocrx_word' id='word_1_302' title='bbox 742 3131 851 3192; x_wconf 88' lang='lat' dir='ltr'><strong>scholis</strong></span> <span class='ocrx_word' id='word_1_303' title='bbox 874 3131 1064 3190; x_wconf 86' lang='lat' dir='ltr'><strong>luxuriantem</strong></span> <span class='ocrx_word' id='word_1_304' title='bbox 1147 3170 1150 3174; x_wconf 92' lang='lat'>-</span> 
     </span>
     <span class='ocr_line' id='line_1_36' title="bbox 59 3214 1065 3296; baseline -0.001 -25"><span class='ocrx_word' id='word_1_305' title='bbox 59 3220 170 3289; x_wconf 86' lang='lat' dir='ltr'><strong>patrem</strong></span> <span class='ocrx_word' id='word_1_306' title='bbox 186 3214 350 3276; x_wconf 82' lang='lat' dir='ltr'><strong>luxuriosus</strong></span> <span class='ocrx_word' id='word_1_307' title='bbox 364 3219 428 3296; x_wconf 90' lang='lat' dir='ltr'><strong>ipse</strong></span> <span class='ocrx_word' id='word_1_308' title='bbox 443 3220 555 3278; x_wconf 89' lang='lat' dir='ltr'><strong>iuvenis</strong></span> <span class='ocrx_word' id='word_1_309' title='bbox 569 3226 696 3278; x_wconf 89' lang='lat' dir='ltr'><strong>accusat.</strong></span> <span class='ocrx_word' id='word_1_310' title='bbox 724 3216 755 3276; x_wconf 93' lang='lat' dir='ltr'><strong>ld</strong></span> <span class='ocrx_word' id='word_1_311' title='bbox 768 3215 912 3295; x_wconf 93' lang='lat' dir='ltr'><strong>quomodo</strong></span> <span class='ocrx_word' id='word_1_312' title='bbox 925 3214 1065 3273; x_wconf 90' lang='lat' dir='ltr'><strong>decenter</strong></span> 
     </span>
     <span class='ocr_line' id='line_1_37' title="bbox 59 3293 1062 3380; baseline -0.001 -26"><span class='ocrx_word' id='word_1_313' title='bbox 59 3296 122 3355; x_wconf 86' lang='lat' dir='ltr'><strong>fieri</strong></span> <span class='ocrx_word' id='word_1_314' title='bbox 138 3299 242 3373; x_wconf 89' lang='lat' dir='ltr'><strong>possit,</strong></span> <span class='ocrx_word' id='word_1_315' title='bbox 260 3300 392 3378; x_wconf 89' lang='lat' dir='ltr'><strong>equidem</strong></span> <span class='ocrx_word' id='word_1_316' title='bbox 407 3319 465 3361; x_wconf 93' lang='lat' dir='ltr'><strong>non</strong></span> <span class='ocrx_word' id='word_1_317' title='bbox 478 3303 604 3376; x_wconf 88' lang='lat' dir='ltr'><strong>invenio,</strong></span> <span class='ocrx_word' id='word_1_318' title='bbox 620 3303 674 3361; x_wconf 89' lang='lat' dir='ltr'><strong>nisi</strong></span> <span class='ocrx_word' id='word_1_319' title='bbox 688 3300 796 3380; x_wconf 90' lang='lat' dir='ltr'><strong>aliquid</strong></span> <span class='ocrx_word' id='word_1_320' title='bbox 811 3299 967 3376; x_wconf 91' lang='lat' dir='ltr'><strong>reperitur,</strong></span> <span class='ocrx_word' id='word_1_321' title='bbox 986 3293 1062 3372; x_wconf 95' lang='lat' dir='ltr'><strong>quod</strong></span> 
     </span>
     <span class='ocr_line' id='line_1_38' title="bbox 60 3376 1105 3464; baseline 0.002 -27"><span class='ocrx_word' id='word_1_322' title='bbox 60 3379 187 3456; x_wconf 88' lang='lat' dir='ltr'><strong>intersit,</strong></span> <span class='ocrx_word' id='word_1_323' title='bbox 206 3399 348 3459; x_wconf 89' lang='lat' dir='ltr'><strong>persona,</strong></span> <span class='ocrx_word' id='word_1_324' title='bbox 369 3394 465 3460; x_wconf 89' lang='lat' dir='ltr'><strong>aetas,</strong></span> <span class='ocrx_word' id='word_1_325' title='bbox 481 3393 611 3464; x_wconf 91' lang='lat' dir='ltr'><strong>tempus,</strong></span> <span class='ocrx_word' id='word_1_326' title='bbox 627 3403 731 3458; x_wconf 91' lang='lat' dir='ltr'><strong>causa,</strong></span> <span class='ocrx_word' id='word_1_327' title='bbox 749 3384 842 3456; x_wconf 90' lang='lat' dir='ltr'><strong>locus,</strong></span> <span class='ocrx_word' id='word_1_328' title='bbox 858 3382 976 3440; x_wconf 90' lang='lat' dir='ltr'><strong>animus.</strong></span> <span class='ocrx_word' id='word_1_329' title='bbox 1009 3376 1105 3439; x_wconf 56' lang='lat' dir='ltr'><strong>Tudi)</strong></span> 
     </span>
     <span class='ocr_line' id='line_1_39' title="bbox 59 3460 1090 3549; baseline -0.012 -27"><span class='ocrx_word' id='word_1_330' title='bbox 59 3460 145 3540; x_wconf 90' lang='lat' dir='ltr'><strong>bero,</strong></span> <span class='ocrx_word' id='word_1_331' title='bbox 170 3466 304 3526; x_wconf 86' lang='lat' dir='ltr'><strong>iuvenem</strong></span> <span class='ocrx_word' id='word_1_332' title='bbox 319 3485 352 3526; x_wconf 90' lang='lat' dir='ltr'><strong>se</strong></span> <span class='ocrx_word' id='word_1_333' title='bbox 368 3470 442 3546; x_wconf 90' lang='lat' dir='ltr'><strong>patri</strong></span> <span class='ocrx_word' id='word_1_334' title='bbox 457 3468 609 3549; x_wconf 86' lang='lat' dir='ltr'><strong>haesisse,</strong></span> <span class='ocrx_word' id='word_1_335' title='bbox 630 3469 715 3531; x_wconf 90' lang='lat' dir='ltr'><strong>illum</strong></span> <span class='ocrx_word' id='word_1_336' title='bbox 729 3485 750 3528; x_wconf 86' lang='lat' dir='ltr'><strong>a</strong></span> <span class='ocrx_word' id='word_1_337' title='bbox 761 3473 870 3526; x_wconf 76' lang='lat' dir='ltr'><strong>senatu</strong></span> <span class='ocrx_word' id='word_1_338' title='bbox 878 3465 1090 3521; x_wconf 63' lang='lat' dir='ltr'><strong>manuninum</strong></span> 
     </span>
    </p>
   </div>
   <div class='ocr_carea' id='block_1_3' title="bbox 0 0 1192 3840">
    <p class='ocr_par' dir='ltr' id='par_1_5' title="bbox 0 0 1192 3840">
     <span class='ocr_line' id='line_1_40' title="bbox 0 0 1192 3840; baseline 0 1"><span class='ocrx_word' id='word_1_339' title='bbox 0 0 1192 3840; x_wconf 95' lang='lat' dir='ltr'><strong> </strong></span> 
     </span>
    </p>
   </div>
  </div>
 </body>
</html>
