2408 3854
312 169 401 218 1usu.
419 169 568 218 onnuoa.
586 168 777 235 ure.x11,1.
1016 155 1072 217 241
1138 121 1142 151 ÷

74 334 170 401 turus,
194 326 271 403 quod
287 325 379 386 adhuc
395 323 574 385 abscisurum
590 332 686 402 putem
703 323 808 391 luisse;
831 340 895 382 nam
914 331 942 382 et
957 322 1021 382 lere
1038 324 1080 382 sio

74 410 152 469 docti
169 408 384 485 iudicaverunt,
407 407 559 487 plurimum
574 407 604 467 in
619 424 656 466 eo
671 408 823 482 virtutum,
845 405 974 467 nonnihil
988 407 1080 467 luisse

73 494 221 569 vitiorum,
245 502 274 553 et
296 493 360 570 ipse
376 510 410 550 se
425 490 513 550 multu
535 509 572 550 ex
588 491 706 551 iuvenili
721 489 895 552 abundantia
911 490 1080 552 coercuisse

73 585 210 637 testatur:
227 585 332 651 tamen,
349 575 464 655 quando
480 592 535 634 uec
551 575 690 653 sapientis
705 573 761 634 sibi
775 591 891 650 nornen,
906 575 1020 636 minime
1036 574 1081 634 sui

74 669 274 738 contemptor,
298 660 422 720 asseruit
445 667 474 717 et
495 657 599 717 melius
622 658 737 733 dicere,
763 666 845 719 certe
861 658 927 719 data
943 658 1079 735 longiore

72 745 131 805 vita
148 753 178 805 et
193 754 326 821 ternpore
343 742 379 803 ad
396 741 626 820 componendum
645 743 814 817 securiore,
838 743 995 820 potuisset:
1024 758 1080 801 non

73 827 199 906 maligne
224 826 413 902 crediderim,
441 825 570 886 defuisse
597 826 625 885 ei
649 844 786 886 summam
811 825 905 902 illam,
933 828 969 887 ad
995 845 1080 906 quam

73 927 158 970 nemo
175 913 294 989 propius
310 911 447 977 accessit.
478 907 515 968 m
531 908 648 986 licebat,
667 911 692 969 si
711 909 795 970 aliter
812 911 958 986 sentirem,
976 910 1118 977 fortiusar

73 995 101 1054 id
123 994 302 1074 liberiusque
324 992 493 1054 defendere.
526 992 573 1053 An
593 1010 665 1053 vero
687 991 725 1052 ll.
743 991 886 1053 Antonius
907 995 1081 1054 neminema

74 1096 107 1138 se
124 1080 216 1137 visum
232 1078 436 1156 eloquentem,
455 1076 534 1156 quod
549 1086 628 1137 tanto
643 1078 735 1137 minus
752 1085 831 1152 erat,
847 1077 1000 1154 professus
1020 1086 1079 1141 est:

73 1163 138 1240 ipse
156 1160 296 1222 etiamll.
315 1160 426 1221 l'ullius
448 1162 561 1240 quaerit
582 1161 676 1221 adbuc
700 1179 781 1234 eum,
805 1168 835 1220 et
856 1169 964 1220 tantum
980 1162 1080 1238 imagi·

73 1255 156 1305 natur
172 1264 207 1306 ae
225 1247 321 1323 fingit:
341 1262 398 1322 ego
414 1262 472 1304 non
488 1245 608 1304 audeam
624 1245 735 1320 dicere,
752 1244 886 1323 aliquid
877 1262 905 1303 m
920 1243 987 1320 bac,
1006 1262 1080 1323 quae

73 1338 226 1407 superest,
251 1329 456 1390 aeternitate
446 1331 568 1389 inveniri
583 1346 673 1406 posse
696 1346 750 1406 eo,
779 1328 857 1408 quod
881 1328 985 1404 luerit,
1013 1345 1079 1405 per-

73 1410 201 1472 fectius?
235 1411 365 1473 Transeo
386 1412 471 1490 illos,
497 1415 545 1492 qui
569 1409 705 1474 Ciceroni
729 1431 764 1473 ac
780 1412 970 1472 Demostheni
993 1430 1030 1471 ne
1052 1404 1129 1473 inti

75 1495 242 1595 eloquentia
259 1497 374 1575 quidem
391 1497 461 1556 satis
478 1497 618 1567 tribuuut;
635 1515 795 1576 quanquam
810 1515 906 1577 neque
922 1497 979 1574 ipsi
996 1493 1080 1555 Cice·

73 1582 138 1640 roni
158 1579 373 1640 Demosthenes
391 1579 524 1641 videatur
539 1582 609 1641 satis
631 1600 699 1641 esse
718 1582 885 1660 perlectus,
909 1599 995 1659 quem
1014 1578 1080 1639 dor·

74 1665 176 1724 mitare
198 1665 311 1724 interim
326 1664 410 1739 dicit,
434 1682 490 1723 nec
507 1660 614 1724 Cicero
631 1664 720 1724 Bruto
737 1663 905 1745 Caluoque,
930 1667 978 1742 qui
1000 1673 1081 1724 certe

75 1749 316 1826 compositionem
341 1748 420 1808 illius
445 1749 531 1808 etiam
555 1748 631 1826 apud
652 1749 745 1826 ipsum
765 1748 997 1827 reprehendunt,
1025 1765 1081 1806 nee

74 1831 176 1909 Asinio
201 1833 331 1911 utrique,
359 1833 408 1909 qui
424 1833 493 1891 vitia
517 1833 655 1892 orationis
672 1833 734 1891 eius
753 1835 838 1892 etiam
860 1832 975 1891 inimice
991 1830 1080 1909 pluri-

75 1914 129 1974 bus
146 1915 220 1975 locis
235 1916 433 1995 insequuntur.

162 1995 363 2060 concedamus
381 2017 470 2075 sane,
494 1999 572 2079 quod
587 2000 700 2060 minime
715 2008 815 2061 natura
833 2003 956 2079 patitur,
980 2006 1123 2078 repen-23

74 2092 132 2142 tum
149 2102 217 2143 esse
239 2083 366 2163 aliquem
391 2084 494 2144 malum
513 2085 605 2145 uirum
620 2102 730 2145 summe
753 2083 907 2144 disertum:
935 2082 1024 2144 nibilo
1039 2092 1080 2143 ta·

74 2186 141 2227 men
156 2168 248 2228 minus
265 2176 411 2229 oratorem
429 2186 493 2228 eum
508 2166 634 2246 negabo.
666 2167 730 2228 Nee
747 2168 895 2246 omnibus,
912 2170 960 2248 qui
976 2169 1082 2228 luerint

74 2269 158 2312 manu
176 2253 313 2330 prompti,
331 2252 386 2312 viri
403 2253 487 2312 fortis
504 2270 610 2313 nomen
626 2254 841 2329 concesserim,
859 2255 926 2333 quia
944 2254 1006 2313 sine
1023 2252 1081 2312 vir-

74 2336 273 2414 tuteintelligi
288 2354 346 2396 non
361 2344 461 2415 potest
476 2336 624 2398 fortitudo.
652 2336 698 2398 An
714 2339 752 2413 ei,
768 2339 816 2416 qui
832 2338 868 2398 ad
883 2336 1125 2400 defendendestl

76 2435 181 2480 causas
206 2419 381 2496 advocatur,
404 2430 529 2480 nonest
554 2439 628 2500 opus
650 2422 724 2500 lide,
754 2440 838 2501 quam
860 2440 917 2482 nec
940 2420 1082 2499 cupiditas

76 2512 243 2581 corrumpat
259 2522 314 2564 nee
337 2507 429 2582 gratia
445 2515 558 2565 avertat
574 2525 630 2567 nec
644 2516 753 2567 metue
752 2506 889 2583 frangam
915 2505 968 2564 sed
984 2502 1082 2603 prodi·

75 2594 169 2645 torem
178 2587 405 2669 ‚transfugam
422 2591 688 2666 praevaricatorem
703 2589 872 2650 donabimus
888 2588 1013 2648 oratoris
1029 2586 1081 2646 illo

76 2686 161 2730 sacro
177 2667 314 2729 nominet
344 2662 458 2744 Quodsi
479 2671 675 2733 mediocribus
695 2675 781 2734 etiam
802 2673 931 2750 patronis
947 2672 1083 2730 convenit

75 2753 165 2828 baec,
183 2771 258 2832 quae
274 2754 364 2832 vulgo
381 2755 501 2830 dieitur,
518 2754 647 2817 bonitas:
676 2774 727 2817 our
743 2773 801 2816 non
822 2765 922 2816 orator
939 2755 1007 2831 ille,
1034 2756 1082 2832 qui

74 2837 200 2897 nondum
215 2838 268 2896 luit
290 2839 343 2898 sed
365 2846 466 2917 potest
488 2856 573 2915 esse,
598 2849 654 2900 tam
670 2842 706 2900 sit
721 2839 850 2900 moribus
866 2858 951 2919 quam
966 2838 1082 2904 dicendi

75 2923 180 2981 virtute
196 2919 368 3000 perlectus?
400 2921 466 2982 Non
487 2923 563 2982 enim
586 2924 733 2984 forensem
755 2925 895 3004 quandam
909 2924 1081 2983 instituimus
1091 2926 1125 2979 25

77 3022 198 3083 operam
215 3024 271 3066 nec
285 3008 497 3067 mercenariam
514 3023 618 3067 vocem
633 3027 704 3083 nec,
721 3016 753 3068 ut
768 3009 965 3088 asperioribus
981 3005 1081 3067 verbis

76 3107 240 3168 parcamus,
257 3108 315 3151 non
325 3092 456 3153 inutilem
468 3110 538 3152 saue
551 3091 640 3151 litium
655 3092 837 3170 advocatum,
849 3111 939 3192 quem
955 3093 1081 3170 denique

78 3172 254 3234 causidicum
266 3175 355 3253 vulgo
371 3185 492 3245 vooaut;
510 3175 563 3236 sed
577 3177 667 3235 virum
682 3177 867 3254 comingenii
881 3186 980 3236 natura
996 3191 1083 3260 prae·
1160 3220 1165 3228 .

76 3265 201 3321 stantem
216 3267 275 3318 tum
289 3277 361 3319 vero
377 3269 420 3321 tot
435 3259 645 3339 pulcherrimas
662 3269 741 3319 artes
757 3262 870 3338 penitus
888 3266 984 3318 mente
1003 3273 1081 3317 com-

77 3343 205 3422 plexum,
222 3342 318 3402 datum
333 3344 448 3405 tandem
459 3343 548 3403 rebus
563 3343 704 3420 humanis,
721 3343 834 3421 qualem
846 3342 924 3401 nulla
936 3348 1080 3400 anteave-

76 3435 169 3489 metas
185 3427 368 3503 cognoverit,
385 3425 559 3505 singularem
574 3427 795 3506 perlectumque
810 3426 957 3564 undiquug,
975 3424 1093 3498 optima

120 3514 356 3580 nr.r.9umr1c.ll.
808 3535 814 3545 =
888 3511 910 3566 b
