2408 3854
356 167 796 230 msu.onnuon.n1n.x1,r.
1012 157 1071 221 193

68 324 208 385 orationis
233 331 351 383 ornatus
375 323 556 400 maximeque
584 340 621 381 ex
646 320 814 397 attactibus,
841 338 915 399 quos
938 322 982 381 illi
1002 324 1071 385 vitia

67 408 174 468 dicunt.
210 406 308 467 Verba
331 423 447 484 quoque
468 406 656 484 exquisitiora
677 413 706 464 et
728 405 901 482 compositio
917 423 1071 468 numerosa

67 492 117 551 tali
133 493 286 570 proposito
302 488 425 549 diversa.
456 488 522 548 Non
538 491 612 549 enim
629 488 693 548 sola
713 487 764 548 illa
779 487 918 565 laetiora,
944 491 1039 568 qualia
1055 501 1113 556 aut

68 572 212 656 Cicerone
228 574 369 647 dicuntur,
382 572 472 633 Sumo
487 567 578 652 atq'ue
593 574 772 634 solitudines
786 574 856 634 uoci
866 576 1072 652 respondent,-

67 659 120 719 sed
136 661 221 717 etiam
240 658 306 731 illa,
331 673 492 733 quanquam
514 657 600 735 plena
620 657 785 734 sanguinis,
816 654 876 718 Vos
900 659 979 718 enim
997 660 1069 734 tum,

66 740 181 803 Albani
189 741 296 802 tumuli
306 747 398 817 utque
410 741 482 815 tuci,
493 758 559 817 eoa,
571 744 705 819 inquom,
719 741 849 819 imploro
863 747 956 820 utque
965 747 1069 818 tector,

65 841 190 904 eoaque,
204 823 391 886 Athanatum
406 824 534 886 obrutae
548 842 636 898 crue,
652 841 814 886 soenorum
823 827 932 902 populi
940 825 1073 887 Romani

68 911 173 971 comae
187 915 217 971 et
239 909 400 986 aequales,
423 924 481 966 non
501 909 673 968 conveniant
692 906 800 968 barbae
821 907 864 968 illi
880 917 968 987 atque
984 911 1069 969 tristi·

67 994 134 1052 tiae.
169 991 208 1050 m
225 993 270 1050 vir
286 992 379 1052 civilis
396 1008 526 1069 vereque
549 993 683 1070 sapiens,
706 993 755 1070 qui
771 1010 804 1050 se
819 1008 876 1052 non
893 994 995 1052 otiosis
1014 992 1111 1056 dis-35

68 1075 263 1154 putationibus
285 1072 341 1134 sed
359 1074 648 1135 administrationibus
663 1077 707 1134 rei
726 1072 863 1153 publicae
878 1074 1036 1152 dediderit,
1053 1094 1070 1135 a

67 1177 123 1238 qua
147 1160 316 1236 longissime
342 1161 405 1235 isti,
428 1161 477 1236 qui
500 1159 667 1238 philosophi
692 1168 846 1234 vocantur,
873 1169 1069 1234 recesserunt,

67 1245 170 1319 omnia,
192 1260 265 1321 quae
281 1244 317 1303 ad
331 1242 512 1302 alliciendum
526 1245 657 1304 oratione
670 1243 748 1323 qnod
760 1244 947 1321 proposuerit
960 1241 1068 1317 valent,

67 1327 191 1387 libenter
207 1325 368 1386 adhibebit:
396 1343 464 1410 cum,
475 1328 571 1405 prius,
588 1328 656 1405 quid
671 1327 824 1387 honestum
839 1328 891 1402 sit,
905 1327 1026 1396 elicere
1042 1327 1070 1385 in

66 1412 160 1469 animo
183 1427 236 1469 suo
259 1411 449 1469 constituerit.
492 1409 544 1470 Est
573 1411 650 1489 quod
680 1412 827 1490 principes
854 1410 973 1486 deceat,
1005 1408 1111 1474 aliisae

63 1511 124 1552 non
140 1495 334 1552 concesseris.
369 1493 575 1572 Imperatorum
594 1513 629 1555 ac
649 1494 860 1574 triumphalium
875 1503 1009 1572 separata
1024 1501 1069 1552 εει

12 1624 15 1628 .
66 1577 162 1656 aliqua
185 1594 222 1636 ex
244 1585 327 1654 parte
346 1578 420 1636 ratio
443 1577 644 1655 eloquentiae,
677 1580 752 1638 sicut
779 1579 933 1655 Pompeius
955 1576 1068 1638 abunde

66 1660 191 1720 disertus
212 1677 309 1719 rerum
329 1677 443 1719 suarum
463 1669 610 1737 narrator,
634 1661 745 1736 ethic,
769 1664 819 1739 qui
839 1661 919 1721 hello
938 1660 1015 1721 civili
1035 1678 1068 1719 se

66 1744 229 1818 interiecit,
249 1740 323 1803 Cato
339 1742 479 1820 eloquens
496 1752 614 1804 senator
627 1744 688 1803 init.
718 1744 797 1804 ldem
813 1744 918 1802 dictum
933 1761 1023 1822 saepe
1041 1746 1109 1810 inat

66 1827 125 1886 alio
142 1827 279 1900 liberum,
303 1828 331 1884 in
346 1826 404 1886 alio
420 1827 575 1902 furiosum,
598 1829 627 1886 in
642 1827 699 1886 alio
715 1826 871 1905 superbum
886 1835 940 1886 εει.
970 1825 1068 1886 Verba

66 1909 207 1970 adversus
223 1909 468 1986 Agamemnonem
489 1927 505 1969 a
523 1909 657 1970 Thersite
680 1909 776 1969 habita
796 1908 938 1979 ridentum
961 1908 997 1969 da
1019 1908 1068 1968 illa

65 1992 200 2052 Diomedi
216 1993 302 2052 aliive
318 1994 363 2051 cui
380 1994 457 2071 pari:
474 2011 605 2070 magnum
623 1996 744 2053 animum
760 1994 839 2053 ferre
854 2009 925 2070 prae
940 2011 973 2052 se
988 1991 1068 2051 vide-

66 2075 181 2136 buntur.
210 2074 276 2154 ltpo
291 2085 320 2137 te
337 2077 489 2138 canentem
501 2085 616 2156 putem,
633 2078 723 2157 inquit
737 2075 768 2136 L.
786 2074 908 2137 Crassus
924 2075 1068 2154 Philippo,

67 2179 137 2221 eum
146 2169 180 2221 tu
195 2181 242 2222 me
252 2169 412 2238 conpotes
423 2163 615 2223 senatorem?
636 2161 704 2220 Vox
718 2160 940 2220 honestissimae
952 2158 1068 2219 liberta·

67 2245 119 2311 tis;
136 2260 193 2303 non
211 2253 305 2305 tamen
322 2243 416 2304 terres
429 2262 629 2324 quemcunque
641 2246 796 2305 dicentem.
819 2242 915 2320 Negat
930 2261 963 2302 se
974 2243 1110 2320 magnius

66 2328 167 2388 iacere
185 2329 288 2408 aliquis
305 2337 470 2407 poctarum,
488 2337 590 2391 utrum
605 2327 724 2391 Caesar
739 2337 808 2390 uter
822 2346 864 2388 un
880 2328 970 2389 albus
983 2327 1070 2388 bomo
1096 2341 1101 2347 ’

64 2414 116 2488 cit,
132 2413 256 2481 insania;
280 2421 373 2488 verte,
392 2420 422 2470 ut
436 2411 511 2472 idem
531 2410 640 2474 Caesar
657 2412 694 2472 de
708 2413 758 2472 illo
775 2411 890 2487 dixerit,
904 2411 1069 2487 arrogantia

67 2504 121 2555 est.
151 2494 243 2554 hlaior
258 2498 287 2554 in
301 2497 435 2573 personis
453 2496 619 2557 observatio
634 2505 680 2555 εει
694 2495 770 2574 apud
781 2495 909 2572 tragicos
926 2495 1068 2554 comicos·

68 2596 136 2657 que,
154 2578 250 2637 multis
263 2581 337 2637 enim
351 2586 467 2638 utuntur
483 2589 513 2638 et
526 2581 623 2639 variis.
648 2577 758 2638 Eadem
775 2588 926 2653 eteorum,
943 2577 992 2654 qui
1004 2592 1068 2634 ora-

68 2663 164 2720 tiones
185 2661 249 2720 aliis
271 2660 452 2736 scribebant,
475 2663 527 2721 fuit
547 2664 621 2722 ratio
638 2669 667 2722 ει
682 2661 901 2722 declamantium
917 2667 972 2720 est.
1003 2656 1070 2718 Non

69 2747 144 2804 enim
157 2762 274 2822 semper
284 2743 460 2822 utadrocati
471 2744 523 2804 sed
536 2745 707 2824 plerumque
716 2754 747 2804 ut
758 2745 921 2822 litigatores
935 2743 1066 2804 dicimus.

152 2828 260 2887 Verum
279 2829 364 2888 etiam
378 2829 406 2886 in
428 2826 472 2886 his
490 2831 602 2906 causis,
626 2827 729 2908 quibus
750 2829 940 2904 advocamur,
967 2825 1113 2888 eademtt

68 2912 230 2972 differentia
253 2912 407 2989 diligenter
430 2920 475 2970 εει
496 2912 695 2974 custodienda.
725 2911 836 2972 Utimnr
857 2913 931 2971 enim
950 2910 1068 2971 lictione

68 3013 256 3073 personarum
272 3004 300 3056 et
314 2996 396 3055 velut
411 3012 463 3055 ore
483 2995 578 3058 alieno
596 2998 755 3075 loquimur,
779 2996 921 3074 dandique
938 3002 1004 3058 sunt
1021 2993 1066 3066 iis,

68 3078 172 3158 quibus
196 3096 300 3140 vocem
324 3080 588 3158 accommodamus,
615 3082 659 3142 sui
684 3097 791 3140 mores.
819 3079 914 3140 Aliter
937 3077 1012 3137 enim
1035 3073 1066 3134 P.

69 3160 188 3222 Clodius
213 3163 296 3222 aliter
316 3162 429 3242 Appius
451 3160 582 3243 Caecus,
603 3166 689 3227 aliter
706 3162 888 3226 Caecilianus
910 3162 960 3221 illc
983 3158 1069 3218 aliter

68 3244 257 3306 Terentianus
272 3255 356 3324 pater
373 3247 498 3325 lingitur.
525 3247 598 3322 Quid
614 3250 745 3327 asperius
760 3249 865 3309 lictore
879 3246 997 3305 Verris:
1031 3235 1069 3299 Ut

67 3331 177 3406 edent,
193 3338 310 3391 tuntum
322 3331 434 3410 dubie?
459 3330 533 3405 Quid
544 3334 647 3394 lortius
660 3333 723 3408 illo,
741 3334 821 3392 cuius
836 3334 911 3391 inter
927 3330 990 3405 ipsa
1004 3323 1113 3383 ver-4⁰
1156 3366 1178 3409 ·,

68 3412 170 3474 bemm
186 3413 329 3491 supplicia
350 3432 405 3473 nna
420 3431 479 3473 vox
497 3417 681 3478 audiebatur:
705 3413 787 3477 caen
806 3413 961 3476 Romanus
979 3407 1067 3470 eum?

109 3518 130 3555 m
160 3519 184 3556 r.
203 3501 360 3567 pururudl.
855 3496 901 3552 ᾖ
