2408 3854
350 179 439 252 iusn.
452 179 602 229 osseos.
615 180 683 229 uns.
695 180 734 251 x,
747 177 772 231 1.
788 177 814 230 a.
1024 170 1084 232 167

82 353 144 395 rum
160 337 320 397 insectator
334 334 396 395 luit.
427 334 535 395 blultac
552 337 580 393 in
592 351 628 394 eo
641 334 797 414 claraeque
809 338 982 412 sententiae,
998 337 1087 397 mults
1115 400 1123 408 ,

83 421 168 479 etiam
183 436 292 478 momm
307 420 400 496 gretia
416 419 557 497 legenda;
575 417 628 477 sed
645 419 672 477 iu
687 420 854 499 eloquendo
871 429 1007 498 corrupta
1023 420 1086 497 ple·

81 520 171 581 raque
188 512 275 581 atque
289 521 325 563 eo
338 504 593 582 perniciosissima,
611 503 688 580 quod
700 503 843 564 abundant
855 503 988 565 dulcibus
999 504 1086 563 vitiis.

80 585 183 646 velles
200 606 264 647 euru
277 603 330 646 suo
346 588 462 664 ingenio
474 586 593 661 dixisse,
610 586 705 646 alieno
719 586 835 648 iudicio.
864 586 936 648 Nam
950 589 976 647 si
990 587 1087 666 ulique
1098 604 1150 656 130

81 672 318 748 contempsisset,
336 672 361 729 si
378 680 490 749 partem
505 687 562 729 non
578 672 781 749 concupisset,
807 673 833 731 si
853 688 910 731 nou
926 673 1019 731 omnia
1035 689 1086 730 sua

80 763 223 830 amasset,
246 755 271 813 si
293 772 389 814 rernm
413 753 544 832 pondera
565 754 759 814 minutissimis
780 757 930 816 sententiis
953 773 1011 815 nou
1029 755 1087 815 ire-

80 837 190 913 gisset:
224 854 369 898 consensu
390 839 487 916 potius
507 838 683 898 eruditorum
704 855 789 916 quam
810 856 965 918 puerorum
989 855 1088 899 amore

80 920 331 998 comprobaretur.
360 921 469 982 Verum
483 923 527 981 sic
543 938 660 1000 quoque
681 923 736 982 iam
749 921 877 983 robustis
892 933 922 983 et
936 924 1087 983 severiore
1098 936 1142 989 131

78 1021 191 1080 genere
207 1007 279 1065 satis
296 1006 413 1065 lirmatis
426 1005 568 1083 legendus
579 1005 629 1065 vel
639 1006 718 1081 ideo,
735 1007 812 1085 quod
829 1024 970 1067 exercere
989 1015 1088 1085 potest

79 1089 213 1166 utrinque
231 1090 376 1151 iudicium.
403 1088 590 1164 llultaenim,
606 1098 637 1148 ut
648 1088 718 1166 dixi,
734 1089 884 1168 probanda
896 1092 925 1149 in
936 1107 983 1166 eo,
1000 1090 1087 1150 multa

79 1171 166 1230 etiam
182 1173 346 1234 admiranda
369 1183 451 1249 sunt,
474 1173 587 1251 eligere
608 1173 695 1233 modo
712 1192 800 1234 curae
813 1176 865 1244 sit;
889 1175 967 1252 qnod
982 1175 1088 1233 ubuum

80 1257 145 1332 ipse
165 1256 297 1317 iecisset.
325 1256 420 1334 Digne
433 1259 508 1318 enim
520 1258 575 1318 iuit
584 1258 635 1318 ills
645 1267 756 1334 namra,
768 1276 842 1337 quse
853 1258 974 1318 meliora
984 1256 1086 1332 vellet,

79 1354 156 1415 quse
171 1341 248 1417 quod
263 1341 356 1400 voluit
373 1342 480 1402 effecit.

452 1536 496 1586 DE
512 1494 714 1586 tminnntottb.

165 1640 201 1701 ll.
234 1640 280 1702 lix
296 1642 342 1706 bis
359 1647 527 1725 ceterisque
542 1646 670 1708 lectione
686 1647 780 1724 dignis
796 1646 961 1707 auctoribus
977 1655 1006 1704 et
1021 1665 1086 1707 ver·
1113 1645 1114 1648 ’

79 1732 182 1792 borum
197 1730 334 1792 sunnenda
348 1733 434 1810 copia
450 1740 495 1792 est
513 1739 542 1791 et
551 1732 677 1791 varietas
691 1731 846 1808 figurarum
858 1738 887 1789 et
896 1728 1087 1807 componendi

79 1816 170 1889 ratio,
195 1823 253 1874 tum
275 1813 311 1873 ad
333 1815 498 1894 exemplum
517 1817 651 1874 virtutum
671 1814 794 1873 omnium
816 1830 898 1872 urens
923 1810 1083 1887 dirigenda.

79 1898 182 1976 Neque
198 1899 272 1957 euim
287 1897 411 1960 dubitari
427 1908 544 1977 potest,
567 1899 634 1977 quin
649 1899 717 1958 artis
734 1914 800 1976 pars
819 1913 922 1974 magna
938 1896 1084 1956 continea-

80 1993 124 2042 tur
140 1981 369 2057 imitatione.⁴
394 1981 468 2042 Nam
484 1991 514 2042 ut
530 1983 660 2043 inuenire
676 1982 796 2061 primum
814 1980 866 2040 luit
882 1988 986 2057 estque
1001 1996 1084 2057 prae·

80 2067 214 2144 cipuum:
232 2067 277 2126 sio
292 2083 338 2140 ea,
357 2084 431 2145 quae
453 2065 529 2126 bene
545 2067 660 2127 inventa
675 2073 756 2140 sunt,
774 2062 845 2124 utile
861 2064 955 2141 sequi.
988 2062 1113 2143 ‚liques

81 2149 172 2208 omnis
189 2151 267 2209 vitae
291 2152 365 2210 ratio
388 2153 431 2211 sic
452 2160 585 2228 constat,
608 2159 638 2210 ut
659 2167 733 2228 quae
749 2145 905 2228 probamus
920 2148 949 2207 in
963 2145 1027 2206 aliis
1043 2146 1085 2208 ia·

80 2251 149 2292 cere
172 2234 227 2311 ipsi
251 2232 384 2293 velimus.
422 2235 472 2296 Sic
494 2235 652 2296 litterarum
677 2231 796 2308 ductus,
818 2242 849 2293 ut
869 2229 1018 2312 scribendi
1036 2229 1085 2291 liat

79 2335 160 2390 usus,
181 2319 264 2395 pueri
278 2329 451 2396 sequuntur;
469 2321 512 2378 sic
527 2320 628 2380 musici
642 2334 746 2377 vocem
760 2316 934 2393 docentium,
954 2316 1085 2395 pictores

24 2438 25 2443 κ
80 2417 171 2478 opera
197 2403 339 2479 priorum,
367 2404 468 2465 rustici
490 2403 640 2482 probatam
667 2402 866 2480 experimento
892 2398 1031 2461 culturam
1056 2398 1085 2456 in

16 2478 24 2489 “’
80 2483 246 2560 exemplum
261 2485 418 2555 intuentur;
436 2490 526 2548 omnis
544 2488 669 2565 denique
686 2483 857 2562 discipliuae
873 2484 952 2543 initia
965 2480 1002 2541 ad
1017 2484 1083 2557 pro'·

81 2567 206 2644 positum
231 2566 286 2625 sibi
307 2573 519 2648 praescriptum
541 2571 657 2629 formari
673 2568 813 2627 videmus.
847 2564 885 2626 Et
898 2564 1019 2625 bercule
1034 2579 1116 2630 nes

81 2666 167 2709 cesse
182 2658 228 2709 est
244 2659 292 2708 aut
303 2651 411 2711 similes
427 2661 475 2714 aut
486 2652 641 2713 dissimiles
653 2651 736 2712 bonis
751 2651 849 2710 simus.
880 2646 1007 2709 Similem
1017 2661 1084 2705 raro

81 2741 181 2792 nature
204 2742 350 2811 praestat,
374 2735 542 2813 frequenter
562 2737 692 2796 imitatio.
722 2734 781 2795 Sed
803 2733 860 2793 boc
880 2732 984 2810 ipsum,
1006 2727 1084 2807 quod

80 2826 160 2877 tanto
174 2815 336 2877 faciliorem
350 2817 435 2877 nobis
456 2819 595 2879 rationem
618 2819 741 2877 omnium
768 2818 836 2878 lacit
857 2832 941 2894 quam
964 2813 1082 2886 initiis,

82 2902 130 2978 qui
145 2900 215 2961 nibil
231 2900 308 2979 quod
323 2909 516 2980 sequerentur
535 2894 711 2977 habuerunt,
736 2902 790 2960 nisi
809 2906 895 2960 caute
915 2907 944 2959 et
961 2915 1025 2958 cum
1040 2896 1084 2955 iu·

82 2983 158 3042 dicio
174 2985 410 3062 apprehenditur,
428 2995 525 3046 nocet.

166 3081 242 3142 Ante
258 3084 351 3143 omnia
373 3085 461 3161 igitur
480 3085 599 3145 imitatio
616 3102 670 3163 per
684 3101 717 3144 se
731 3084 795 3160 ipsa
814 3098 872 3141 non
886 3078 1011 3153 suflicit,
1033 3077 1114 3136 velt

82 3164 149 3241 quia
167 3165 242 3241 pigri
256 3177 303 3226 est
320 3168 433 3245 *ingenii
456 3178 620 3230 contentum
643 3185 710 3229 esse
731 3167 782 3241 iis,
807 3182 882 3244 quae
896 3166 952 3224 sint
966 3161 1002 3221 eb
1018 3160 1082 3220 aliis

50 3271 60 3283 ·
83 3249 207 3308 inventa.
240 3247 316 3321 Quid
331 3253 405 3311 enim
420 3253 548 3316 futurum¹
564 3260 627 3312 erat
644 3249 821 3328 temporibus
835 3247 910 3323 illis,
931 3263 1006 3324 quae
1020 3245 1083 3302 sine

83 3332 224 3410 exemplo
234 3332 359 3411 luerunt,
372 3337 397 3396 si
408 3336 538 3397 bomincs
550 3335 630 3411 nibil,
641 3335 695 3394 nisi
708 3332 785 3412 quod
797 3335 852 3393 iam
864 3329 1080 3407 cognovissent,
1122 3374 1124 3387 .

82 3415 244 3478 laciendum
259 3417 314 3478 sibi
334 3428 383 3479 ant
399 3419 581 3498 cogitandum
601 3413 770 3494 putassent?
799 3414 914 3494 Nempe
927 3410 1091 3471 uibilin‘xs-
