2408 3854
138 200 196 260 170
462 208 499 257 rs.
510 207 589 255 sss.
606 207 826 268 cummianus

136 365 217 445 Ergo
234 368 353 446 primum
366 375 421 442 cst,
437 373 467 426 ut
484 363 562 444 quod
574 365 732 425 imitaturus
743 373 789 424 est
803 364 926 442 quisquc
942 361 1086 440 intelligat
1098 372 1139 437 et,

136 469 226 532 quare
243 450 350 510 bonum
364 452 410 524 sit,
427 450 509 509 sciat.

95 545 127 600 19
217 533 338 594 'lumin
359 533 545 610 suscipiendo
568 549 659 592 onere
684 531 816 591 consulat
842 548 909 590 suas
931 530 1020 589 vires.
1066 528 1140 590 Nam

135 619 275 697 quaedam
297 626 362 676 suut
383 616 546 691 imitabilia,
574 613 677 693 quibus
697 622 746 675 aut
768 613 915 674 iufirmitas
937 622 1058 675 naturae
1082 630 1140 674 oon

135 703 260 762 sufficiat
275 710 324 760 aut
338 699 491 761 diversitas
503 707 657 778 repugnet.
687 697 744 773 Ne,
759 700 805 758 cui
818 706 904 757 tenue
915 699 1061 774 ingenium
1073 699 1139 771 erit,

135 785 199 846 sola
214 785 285 845 velit
300 783 386 844 iortia
404 792 433 843 et
447 783 583 862 abrupta;
607 784 653 842 oui
665 783 741 842 iorte
757 781 871 859 quidem
893 781 947 842 scd
962 781 1139 856 indomitum,

135 887 233 930 amore
255 866 422 928 subtilitatis
442 877 472 928 et
491 870 548 927 vim
576 884 657 927 suam
677 865 780 946 perdat
801 874 829 925 et
856 864 1030 942 elegantiam
1055 881 1141 942 quam

135 954 214 1030 cupit
235 967 292 1010 oon
313 961 494 1029 assequatur.
531 949 608 1010 Nihil
638 959 683 1010 cst
703 952 779 1010 anim
801 958 858 1008 tarn
881 948 1036 1023 indecens,
1054 955 1157 1027 qunm'

91 1049 197 1101 uocum
211 1034 308 1095 mollia
329 1034 401 1095 dure
417 1035 495 1096 liunt.
524 1035 621 1114 Atque
636 1049 694 1110 epo
710 1033 753 1094 lili
770 1033 976 1112 praeceptori,
995 1050 1080 1111 qoem
1099 1033 1140 1090 in·

134 1118 287 1180 stituebam
302 1120 331 1178 in
345 1118 420 1178 libro
431 1117 572 1192 secundo,
589 1116 698 1179 credidi
713 1134 770 1177 uon
784 1135 819 1177 ea
836 1118 902 1177 sola
917 1115 1049 1176 docenda
1060 1133 1140 1189 esse,

135 1202 171 1264 ad
192 1220 267 1281 quae
286 1220 430 1281 quemque
451 1202 658 1280 discipulorum
678 1210 778 1262 natura
799 1201 991 1280 compositum
1010 1199 1140 1264 videret:

134 1304 198 1347 nam
219 1287 243 1345 is
264 1294 295 1346 et
316 1287 452 1347 adiuvare
475 1286 580 1362 debet,
609 1303 684 1364 quac
710 1287 740 1345 iu
767 1301 885 1364 quoquc
912 1301 1012 1347 corum
1033 1284 1141 1346 invenit

134 1371 220 1446 bona,
243 1378 283 1444 et,
303 1378 438 1448 quantum
453 1369 516 1429 lieri
533 1377 642 1448 potest,
656 1368 784 1430 adiicere
796 1387 871 1448 quae
883 1369 988 1430 deaut
1002 1379 1032 1429 et
1043 1387 1141 1430 emen·

135 1454 205 1514 darc
222 1453 363 1530 quaedem
378 1462 407 1513 et
421 1462 549 1520 mutare;
567 1462 667 1513 rector
683 1457 758 1513 euin
773 1463 819 1514 cst
833 1455 994 1514 alienorum
1007 1455 1141 1532 ingenio

133 1555 195 1596 rum
217 1545 304 1615 atque
326 1536 475 1597 formator.
520 1536 674 1597 Diidcilius
696 1547 742 1597 est
762 1546 890 1598 naturam
911 1545 991 1598 suam
1015 1538 1139 1615 lingere.

92 1632 123 1684 al
134 1621 192 1681 Sed
211 1637 248 1678 ne
263 1619 314 1679 ille
325 1619 446 1697 ,quidem
468 1621 582 1697 doctor,
598 1639 761 1700 quanquam
776 1622 870 1681 omnia
890 1639 965 1700 quae
981 1630 1064 1682 recta
1076 1630 1143 1680 suut

134 1704 206 1765 velit
226 1703 294 1763 esse
311 1705 340 1763 in
353 1705 413 1763 suis
430 1703 609 1764 auditoribus
624 1722 708 1784 quam
722 1704 905 1784 plenissima,
932 1706 960 1764 in
980 1722 1018 1765 eo
1032 1712 1140 1780 tameo,

136 1790 181 1848 cui
196 1797 326 1847 naturam
341 1786 458 1848 obstare
473 1788 587 1865 viderit,
608 1788 761 1849 laborabit.

218 1870 250 1931 ld
271 1888 388 1950 quoquc
407 1873 570 1948 vitandum,
593 1875 622 1932 in
643 1889 700 1951 quo
721 1890 825 1951 magua
845 1891 913 1951 pars
934 1882 1027 1949 errat,
1054 1890 1091 1933 ae
1112 1875 1140 1935 ia

135 1961 266 2016 oratione
281 1964 384 2033 poetas
401 1955 484 2016 uobis
500 1965 531 2016 et
546 1957 718 2032 historicos,
735 1956 836 2017 inillis
853 1956 992 2035 operibus
1007 1966 1141 2017 emtores

93 2049 182 2100 ibant
199 2037 412 2099 declamatores
430 2038 581 2100 imitandos
601 2049 743 2119 putemus.
778 2041 838 2100 Sua
860 2041 966 2119 cuique
987 2042 1140 2119 proposita

135 2123 201 2198 lex,
223 2140 292 2181 suos
317 2123 421 2201 coique
442 2123 535 2183 decor
555 2133 611 2185 cst.
648 2123 720 2183 Nam
741 2141 797 2184 nec
820 2124 971 2184 comoedia
991 2123 1140 2184 cotlrurnis

136 2207 278 2280 assurgit,
312 2223 367 2264 nec
397 2215 497 2267 contra
520 2207 671 2284 tragoedia
694 2207 816 2268 socculo
835 2208 1005 2285 ingreditur.
1045 2207 1141 2268 Habet

135 2299 230 2348 tamen
252 2289 344 2347 omuis
371 2289 537 2367 eloquentia
564 2290 672 2369 aliquid
705 2309 867 2359 commune3
894 2292 1036 2351 imitemur
1062 2292 1139 2369 quod

94 2379 286 2432 23commuuc
303 2381 357 2431 cst.
392 2371 485 2432 Etiam
508 2374 564 2434 bo'c
585 2373 662 2434 solet
676 2374 848 2434 incommodi
864 2374 1000 2435 accidere
1016 2376 1066 2450 iis,
1091 2376 1139 2453 qui

53 2480 57 2486 ·
136 2472 169 2514 se
185 2455 232 2515 uni
247 2454 332 2515 alicui
348 2458 450 2533 generi
469 2457 649 2534 dediderunt,
665 2468 707 2532 ut,
720 2460 745 2518 si
760 2460 902 2538 asperitas
917 2460 952 2518 iis
967 2458 1076 2537 placuit
1087 2458 1139 2520 ali·

138 2542 235 2615 cuius,
259 2539 332 2600 lrauo
350 2543 437 2601 etiam
457 2543 486 2601 in
507 2541 565 2602 leni
580 2559 615 2602 ac
632 2543 754 2602 remisso
779 2559 929 2603 causarum
949 2559 1061 2620 genere
1081 2560 1139 2602 uon

139 2633 259 2692 exosum
276 2626 301 2684 si
318 2627 443 2685 tenuitas
458 2643 493 2686 ac
506 2624 676 2701 iucunditas,
691 2627 720 2684 in
731 2628 844 2704 asperis
858 2625 1057 2704 gravibusque
1072 2644 1138 2687 cau·

134 2709 174 2766 sis
191 2707 314 2785 ponderi
332 2727 428 2768 rerum
443 2727 544 2788 parum
563 2709 773 2788 respondeant:
800 2710 924 2786 comsit
944 2711 1060 2771 diuersa
1081 2726 1139 2770 noo

59 2847 61 2850 ,
136 2807 285 2849 causarum
308 2792 394 2852 modo
414 2794 489 2852 iuter
511 2795 590 2872 ipsas
616 2793 748 2853 condicio
774 2793 826 2853 sed
853 2795 881 2852 in
906 2793 1028 2870 singulis
1054 2795 1138 2854 etiam

136 2875 230 2932 causis
249 2875 386 2950 partium,
405 2877 519 2954 sintque
536 2876 591 2936 alia
609 2876 713 2938 leniter
726 2876 782 2936 alia
798 2894 904 2955 aspere
921 2876 977 2937 alia
993 2879 1138 2937 concitate

136 2956 192 3014 alia
209 2958 345 3033 remisse,
368 2959 423 3018 alia
439 2958 563 3019 docendi
578 2959 634 3021 alia
653 2961 787 3020 mouendi
800 2961 894 3038 gratia
909 2960 1046 3028 diceuda;
1065 2978 1137 3039 quo-

92 3051 198 3100 mrum
215 3041 338 3098 omnium
353 3040 497 3105 dissimilis
517 3053 605 3121 atque
624 3044 740 3105 diversa
755 3046 829 3103 inter
847 3061 881 3103 se
898 3045 972 3105 ratio
989 3053 1044 3104 est.
1082 3044 1137 3104 lta·

136 3139 193 3200 qua
214 3139 251 3181 ne
271 3121 329 3183 lroc
349 3125 463 3201 quidem
478 3128 636 3204 suaserim,
657 3129 704 3187 uni
728 3146 762 3187 sc
783 3127 870 3188 alicui
891 3129 1029 3206 proprie,
1051 3145 1137 3208 mem

136 3223 190 3283 per
205 3207 298 3266 omnia
312 3216 465 3284 sequatur,
481 3208 627 3269 addicere.
659 3209 788 3271 Omnium
801 3211 1032 3290 perlectissimus
1047 3210 1137 3275 Grae·

136 3305 235 3349 corum
251 3288 475 3367 Demosthenes,
491 3292 598 3371 aliquid
610 3303 703 3353 tameu
719 3295 816 3374 aliquo
827 3296 855 3354 in
872 3295 940 3355 loco
956 3294 1136 3369 mellosalii,

136 3372 258 3450 plurima
272 3374 332 3434 ille.
364 3373 424 3434 Sed
439 3392 496 3434 nou
511 3377 559 3453 qui
573 3378 695 3437 maxime
710 3379 861 3439 imitandus
881 3388 910 3439 et
927 3379 1009 3439 solus
1025 3376 1135 3441 ruthi-

93 3454 187 3515 mous
204 3465 259 3515 est.
291 3455 365 3530 Quid
381 3455 474 3536 ergoi
489 3475 546 3519 non
561 3467 607 3520 est
617 3462 687 3521 satis
699 3463 793 3521 omuia
807 3463 852 3523 sic
862 3460 972 3539 dicere,
988 3460 1136 3542 qu'o'nods
