2408 3854
331 164 773 234 msr.01tnrort.n1s.xr,a.
1022 157 1083 220 205

76 321 188 382 urbium
203 319 309 380 ambitu
325 327 354 377 et
369 320 487 396 picturis
503 321 566 380 lieri
581 328 689 399 potest.
724 321 817 381 Etiam
833 323 943 400 lingere
961 323 1017 384 sibi
1032 324 1084 386 lras

76 405 216 482 imagines
232 404 310 464 lieet.
343 399 423 479 Opus
444 412 489 462 est
512 414 583 481 ergo
606 405 696 480 locis,
719 423 793 483 quae
815 406 863 467 vel
879 407 1022 485 linguntur
1035 409 1084 469 vel

76 496 239 563 sumuntur,
262 485 433 562 imaginibus
453 486 503 546 vel
523 488 701 564 simulacris,
728 506 803 568 quae
828 492 928 568 utique
950 490 1084 567 lingenda

76 580 150 632 sunt.
180 571 326 648 Imagines
347 578 434 628 notae
456 580 536 646 sunt,
558 572 662 648 quibus
683 588 717 632 ea
739 590 814 651 quae
837 574 993 634 ediscenda
1020 583 1085 634 sunt

74 663 217 730 notamus,
234 664 275 729 ut,
292 652 437 732 quomodo
453 651 559 713 Cicero
574 654 653 731 dicit,
668 654 742 715 locis
758 673 907 734 procera,
923 658 1085 718 simulacris

76 742 134 815 pro'
145 738 249 798 litteris
265 746 383 795 utamur.
416 735 491 796 lllud
506 754 623 817 quoque
637 739 672 798 ad
687 738 808 799 verbum
822 758 935 819 ponere
947 742 1084 819 optimum
1091 747 1126 800 tt

75 822 180 881 luerit:
212 820 307 882 Locis·
325 827 370 880 est
389 821 535 882 cundum
560 823 675 896 multis,
699 824 885 901 illustribus,
909 827 1082 905 explicatis,

75 905 205 965 modicis
219 904 407 974 emorousae·
425 905 610 983 molossos
630 913 731 966 eutem
747 911 922 985 apsntibus,
942 911 1081 985 ombus,

74 987 246 1064 iosiqns‘tis,
270 1004 351 1066 quoe
371 1005 539 1049 occurrere
553 989 752 1066 celeriterque
765 1000 928 1067 percolere
949 995 1083 1054 animum

73 1073 200 1149 possint.
230 1070 295 1144 Quo
306 1071 398 1148 magis
409 1073 508 1147 miror,
522 1071 667 1150 quomodo
679 1071 862 1133 Metrodorus
875 1075 903 1132 in
914 1073 970 1135 Xll
980 1078 1081 1153 signis,

75 1173 129 1233 per
150 1174 226 1233 quac
247 1154 293 1215 sol
316 1163 407 1231 meat,
431 1165 571 1216 neoeuos
594 1164 624 1214 et
644 1169 809 1233 sexagenos
830 1159 972 1217 invenerit
987 1160 1081 1218 locos.

74 1237 194 1299 Vanitas
211 1240 340 1298 nimirum
355 1238 407 1298 luit
422 1248 510 1319 atque
522 1240 638 1300 iactatio
656 1241 733 1299 circa
745 1242 911 1300 memoriam
922 1259 974 1301 sua
986 1243 1084 1320 potius

76 1331 138 1382 arte
153 1340 238 1400 qnam
255 1332 355 1382 natura
370 1323 531 1399 gloriantis.
877 1388 880 1395 ,

160 1405 302 1482 Equidem
317 1406 391 1464 haec
408 1407 444 1466 ad
460 1408 600 1485 quaedam
615 1406 758 1483 prodesse
773 1424 831 1465 non
846 1407 1029 1483 negaverim,
1051 1409 1125 1467 utto

76 1490 218 1548 sinerum
242 1490 356 1548 nomino
380 1489 470 1548 multa
494 1508 548 1568 per
573 1490 702 1551 ordinem
730 1491 824 1551 audita
847 1491 995 1551 reddenda
1016 1493 1080 1550 sint.

75 1571 206 1650 Namque
222 1573 312 1647 iniis,
329 1590 403 1651 quae
419 1573 598 1649 didicerunt,
614 1574 689 1633 locis
706 1583 816 1651 ponunt
830 1592 879 1632 res
897 1574 977 1634 illus:
1004 1592 1081 1632 men·

77 1673 148 1729 sam,
162 1664 192 1715 ut
203 1657 261 1715 lroc
272 1665 346 1731 utar,
360 1655 544 1716 investibulo
556 1667 586 1716 et
597 1657 737 1735 pulpitum
748 1659 776 1715 in
788 1658 861 1716 atrio
875 1666 904 1715 et
916 1658 959 1715 sic
971 1665 1082 1731 cetera,

76 1738 181 1798 deinde
197 1740 366 1817 relegentes
385 1741 548 1813 inueniunt,
573 1740 621 1799 ubl
641 1741 800 1816 posuerint.
831 1737 869 1797 llt
889 1738 1011 1800 forsitan
1026 1739 1126 1798 hocas

77 1829 143 1880 sunt
158 1822 262 1898 adiuti,
286 1823 350 1900 qui,
371 1825 505 1881 auctione
522 1822 657 1895 dimissa,
681 1822 749 1898 quid
765 1823 869 1900 cuique
884 1820 1084 1882 vendidissent

75 1904 197 1963 testibus
214 1906 444 1982 argentariorum
458 1904 562 1964 tabulis
577 1905 779 1971 reddiderunt:
809 1905 887 1983 quod
901 1905 1083 1985 praestitisse

75 1986 262 2047 Hortensium
280 1988 385 2047 dicunt.
419 1987 512 2047 llinus
527 1989 603 2048 idem
618 1988 749 2066 proderit
765 1990 793 2047 in
809 1988 991 2064 ediscendis,
1008 1991 1084 2068 quae

76 2073 215 2131 orationis
237 2080 398 2151 perpetuae
420 2081 511 2131 erunt.
541 2070 613 2131 llam
631 2080 660 2130 et
680 2089 783 2130 sensus
806 2088 864 2131 non
878 2072 1000 2150 eandem
1015 2074 1082 2131 ima·

75 2156 172 2231 ginem
188 2173 273 2234 quam
287 2170 336 2214 res
357 2153 480 2231 hahent,
507 2173 570 2215 cum
585 2155 706 2215 altemm
721 2155 884 2232 lingendum
900 2158 946 2216 sit.
977 2154 1015 2216 llt
1030 2154 1083 2215 lro·

75 2257 136 2296 rum
154 2247 248 2298 tamen
264 2247 408 2316 utcunque
425 2247 588 2298 commonet
603 2238 701 2308 locus;
726 2240 780 2299 sed
802 2242 942 2300 sermonis
962 2240 1083 2300 alicuius

75 2321 165 2380 habiti
182 2321 338 2382 verborum
362 2331 515 2382 contentus
534 2322 636 2383 eadem
653 2333 716 2383 arte
731 2323 875 2402 quomodo
893 2323 1083 2402 comprehen-

76 2402 180 2464 detur?
206 2403 298 2480 Mitto,
315 2406 394 2483 quod
410 2407 551 2485 quaedam
565 2406 651 2466 nullis
667 2408 826 2467 simulacris
842 2407 999 2484 significari
1015 2414 1125 2484 pos-ts

76 2496 157 2561 sunt,
179 2497 209 2547 ut
232 2497 312 2547 certe
337 2490 565 2549 coniunctiones.
598 2488 764 2549 Habeamus
783 2493 857 2550 enirn
879 2507 966 2564 sane,
989 2490 1083 2566 utqui

76 2572 152 2628 notis
171 2570 316 2646 scribunt,
345 2580 441 2631 certas
464 2573 604 2649 imagines
626 2575 749 2632 omnium
764 2581 794 2631 et
810 2573 877 2632 loca
892 2573 1008 2632 seilicet
1022 2571 1083 2630 ioli·

76 2654 151 2727 nita,
176 2670 230 2730 per
251 2671 326 2732 quae
342 2653 448 2730 verba,
472 2664 543 2732 quot
565 2663 630 2714 sunt
651 2656 680 2713 in
698 2656 824 2733 quinque
845 2664 945 2715 contra
959 2654 1083 2713 Verrem

76 2735 223 2795 secundae
242 2737 364 2798 actionis
382 2736 479 2813 libris,
505 2738 703 2816 explicentur,
726 2747 757 2798 ut
771 2739 982 2797 meminerimus
998 2739 1083 2798 etiam

76 2821 200 2879 omnium
218 2821 300 2899 qnasi
321 2815 535 2899 depositomm:
564 2837 659 2881 nonne
683 2822 816 2901 impediri
836 2838 952 2901 quoque
969 2821 1083 2881 dicendi

76 2921 191 2963 cursum
208 2921 334 2964 necesse
354 2913 400 2964 est
424 2905 532 2984 duplici
553 2907 713 2966 memoriae·
728 2907 817 2966 cura?
847 2903 918 2965 Nam
934 2905 1125 2984 quomodotf

76 2995 213 3062 poterunt
226 2987 362 3067 copulata
378 2988 479 3065 fluere,
496 2991 521 3049 si
537 2998 658 3068 propter
672 2988 785 3067 singula
798 2987 888 3049 verba
903 2989 939 3049 ad
954 2988 1082 3067 singulas

75 3068 184 3129 lormas
199 3073 413 3148 respiciendum
429 3070 506 3134 erit?
535 3072 633 3148 Quare
648 3082 678 3133 et
693 3071 867 3133 Charmadas
886 3081 915 3132 et
931 3073 1082 3152 Scepsius,

76 3150 187 3230 dequo
205 3154 290 3214 modo
311 3157 386 3232 dixi,
409 3156 608 3232 Metrodorus,
632 3173 705 3235 quos
724 3154 829 3217 Cicero
853 3156 921 3216 dicit
943 3173 1013 3215 usos
1028 3154 1083 3213 hae

77 3236 298 3313 exercitatione,
314 3239 369 3300 sihi
384 3240 508 3300 habeant
523 3257 589 3309 sna;
607 3257 660 3301 uos
678 3240 856 3318 simpliciora
871 3239 1025 3298 tradamus.

162 3319 194 3378 Si
208 3318 325 3398 longior
341 3323 563 3401 complectenda
577 3325 714 3386 memoria
729 3324 816 3383 luerit
827 3324 936 3382 oratio:
955 3319 1125 3399 proderittl

76 3419 132 3481 per
152 3411 252 3480 partes
281 3405 429 3472 ediscere:
457 3406 570 3467 laborat
596 3410 670 3467 eninr
694 3409 816 3467 maxime
840 3421 945 3472 onere:
974 3411 1003 3463 et
1028 3403 1087 3462 luae
