2376 3840
294 199 299 210 ·
328 185 789 254 msu.0nunou.n1n.v111,3.
1023 183 1065 245 57

59 365 164 422 sensu,
189 346 247 406 alia
262 352 394 422 reperta,
422 360 497 421 quae
519 363 556 403 ex
577 343 621 403 bis
643 343 719 404 laeta
744 355 823 413 suut;
854 355 883 406 ut
904 350 959 406 iam
979 348 1063 408 uobis

60 447 172 510 ponere
195 428 270 502 alia,
294 445 378 506 quam
399 444 472 505 quae
498 427 540 487 illi
561 428 648 487 rudes
670 427 800 489 homiues
822 430 963 509 primique
984 432 1063 493 leoe-

59 523 140 589 runt,
167 512 212 572 ias
235 513 358 570 nonsit:
385 518 413 569 at
430 509 578 592 derivare,
603 511 742 586 lleetere,
767 515 961 591 coniungere,
985 516 1062 595 quod

61 599 136 658 uatis
160 603 267 676 postea
290 610 462 654 eoncessum
484 603 544 669 εει,
569 595 682 672 quaudo
706 596 791 656 desiit
814 595 924 658 liuere?
965 599 1017 673 Et,
1039 601 1105 664 siet

61 681 130 762 quid
156 678 351 759 periculosius
377 678 495 736 linxisse
525 678 702 753 videbimur,
730 680 900 758 quibusdam
926 682 1062 743 remediis

60 761 316 844 praemuniendum
337 770 395 820 est:
414 758 451 822 Ut
465 763 510 823 ito
525 764 637 838 dicam,
654 763 687 824 st
700 765 771 824 lieet
787 766 904 842 dicere,
924 765 1063 839 Quodam

60 849 160 923 trodo,
177 845 342 908 Permittite
355 845 428 905 mttt
441 847 487 906 ste
503 848 563 907 atti.
590 844 674 919 Quod
692 846 767 908 idem
780 850 864 909 etiam
879 851 908 908 iu
924 852 971 926 iis,
988 868 1063 928 quae

61 931 197 993 licentius
212 928 350 989 translata
366 937 458 1004 erunt,
474 928 614 1007 proderit,
631 930 759 1010 nihilque
774 949 832 992 non
847 941 907 992 tuto
924 933 981 995 diei
998 942 1062 1012 pot-

63 1024 124 1092 est,
147 1016 177 1074 in
195 1030 252 1092 quo
270 1029 327 1072 non
342 1011 405 1072 falli
421 1011 553 1072 iudicium
572 1022 700 1073 nostrum
715 1015 910 1076 sollieitudine
925 1018 988 1096 ipsa
1005 1036 1062 1077 ma·

61 1099 198 1160 niiestum
213 1100 277 1158 erit.
309 1096 372 1171 Qua
387 1095 424 1155 de
439 1114 471 1155 re
490 1094 631 1164 Graecum
655 1096 725 1157 illud
745 1098 990 1175 elegantissimum
1006 1111 1061 1176 est,

63 1200 119 1263 qno
135 1182 315 1261 praecipitur
329 1173 572 1258 προεπιπιήσσειν
586 1183 621 1261 τῇ
635 1172 790 1263 ὑπερβολῇ.

147 1264 300 1326 Translata
315 1262 433 1342 probari
445 1264 498 1321 uisi
513 1265 541 1323 iu
554 1272 690 1323 contextu
702 1266 843 1325 sermonis
859 1284 917 1326 nou
929 1275 1061 1345 possunt.
1070 1275 1105 1330 38

61 1351 163 1429 ltaque
187 1350 225 1410 de
246 1347 367 1424 singulis
390 1345 487 1406 verbis
511 1349 580 1407 satis
603 1346 725 1422 dietum,
751 1367 842 1427 quae,
864 1358 896 1409 ut
919 1350 976 1409 alio
993 1350 1061 1411 loeo

63 1434 194 1508 ostendi,
218 1450 272 1511 per
291 1449 324 1490 εε
349 1429 455 1491 nullam
479 1431 612 1491 virtutem
632 1430 748 1491 babent.
795 1432 853 1493 Sed
874 1452 910 1493 ne
932 1434 1063 1495 inornata

62 1527 126 1578 suut
143 1517 275 1596 quidem,
292 1517 345 1574 nisi
363 1533 426 1574 eum
444 1523 508 1573 suut
522 1514 595 1574 inira
607 1515 667 1589 rei,
691 1516 727 1576 de
744 1535 800 1595 qua
815 1516 990 1596 loquendum
1006 1527 1061 1593 εει,

63 1602 241 1680 dignitatem,
259 1608 385 1676 excepto
406 1598 430 1656 si
447 1598 574 1658 obscena
597 1599 679 1659 nudis
695 1600 855 1660 nominibus
870 1602 1061 1661 enuntientur.

64 1684 147 1760 Quod
163 1684 298 1759 viderint,
316 1684 364 1761 qui
379 1699 436 1741 nou
451 1691 634 1760 putantesse
653 1684 778 1759 vitanda,
797 1687 862 1763 quia
878 1703 933 1745 nee
950 1687 986 1745 sit
1005 1692 1106 1746 vox39

63 1769 121 1830 ulla
137 1777 239 1830 natura
254 1768 365 1845 turpis,
384 1776 414 1827 et
430 1768 455 1824 si
474 1784 530 1844 qua
546 1775 591 1826 est
605 1767 648 1825 rei
663 1766 846 1844 deformitas,
869 1769 925 1828 alia
945 1785 1062 1848 quoque

63 1853 261 1932 appellatione
286 1867 456 1929 quacunque
483 1850 518 1912 ad
539 1849 717 1910 intellectum
737 1851 859 1911 eundem
882 1851 1062 1911 nihilominus

64 1937 224 2017 perveniat.
260 1934 324 2012 Ego
341 1933 461 1993 Romani
476 1934 596 2013 pudoris
613 1951 694 1993 more
710 1943 879 2011 eorrteutus,
900 1944 930 1994 ut
948 1936 1002 1994 iam
1016 1953 1062 1994 re-

63 2020 167 2100 spondi
182 2018 299 2094 talibus,
314 2017 517 2093 uerecundiam
533 2017 647 2077 silentio
659 2018 821 2077 vindicabo.

147 2103 209 2164 lam
231 2104 296 2162 biue
317 2103 404 2178 igitur
426 2101 461 2161 ad
483 2103 624 2161 rationem
654 2103 839 2161 sermonis
867 2103 1107 2167 eouiunetilo

64 2199 255 2250 transeamus.
297 2183 384 2245 Cuius
418 2194 535 2245 ornatus
561 2186 589 2244 in
618 2185 691 2246 baeo
717 2186 773 2246 duo
801 2188 892 2264 prima
919 2187 1062 2262 dividitur,

64 2290 147 2352 quam
165 2271 363 2348 concipiamus
379 2268 590 2344 elocutionem,
616 2286 672 2346 quo
693 2270 778 2330 modo
796 2270 960 2330 efferamus.
990 2269 1063 2330 Nam

63 2357 184 2434 primum
202 2363 257 2429 εει,
273 2362 304 2411 ut
320 2353 439 2432 liqueat,
452 2370 561 2429 augere
574 2352 639 2431 quid
655 2353 777 2412 velimus
789 2372 825 2413 an
837 2356 976 2429 minuere,
994 2372 1061 2413 uon·

63 2441 150 2500 ditate
172 2439 273 2498 dioere
295 2455 331 2496 an
351 2436 515 2512 moderate,
538 2436 615 2497 laete
636 2453 672 2495 au
689 2455 810 2512 severe,
836 2437 1013 2498 abundanter
1028 2455 1064 2497 an

63 2539 184 2602 presse,
209 2538 314 2599 aspere
338 2538 374 2582 an
389 2520 511 2595 leniter,
535 2520 686 2597 magnifiee
703 2539 737 2581 au
752 2521 913 2597 subtiliter,
936 2522 1064 2598 graviter

52 2625 97 2667 -au
112 2605 235 2667 urbane.
273 2603 362 2679 Tum,
388 2619 445 2682 quo
467 2604 661 2664 translationis
676 2622 805 2681 genere,
827 2603 930 2682 quibus
954 2603 1103 2679 ligurini!

64 2689 198 2770 qualibus
214 2689 374 2762 sententiis,
391 2702 448 2765 quo
464 2687 561 2763 modo,
577 2705 633 2767 qua
648 2698 796 2766 postremo
813 2687 1008 2747 collocatione
1024 2685 1062 2762 id,

64 2774 140 2855 quod
156 2772 339 2846 intendimus,
356 2770 475 2831 efficere
492 2772 644 2849 possimus.

149 2853 288 2917 Ceterum
303 2854 440 2930 dicturus,
457 2854 559 2933 quibus
576 2864 693 2914 oruetur
712 2855 815 2931 oratio,
831 2856 911 2935 prius
928 2874 972 2931 ea,
991 2874 1066 2934 quae

64 2949 128 3001 suut
154 2939 224 3000 buie
255 2939 398 2999 contraria
419 2938 512 3014 laudi,
535 2939 685 3014 adingam
707 2956 771 2998 uam
792 2941 883 3017 prima
906 2941 996 2999 virtus
1020 2947 1065 2998 εει

64 3026 133 3089 vitio
150 3040 266 3084 oarere.
296 3022 386 3100 igitur
401 3031 467 3082 auto
485 3023 579 3082 omnia
594 3040 631 3080 ue
646 3017 798 3100 speremus
815 3033 944 3083 ornatam
959 3024 1107 3084 oratio-la

65 3125 130 3168 nem
146 3108 223 3183 iore,
240 3123 315 3186 quae
334 3104 545 3184 probabilis
561 3123 617 3164 nou
634 3107 698 3166 erit.
736 3105 891 3168 Probabile
908 3117 1001 3167 autem
1019 3103 1064 3164 Ci-

67 3208 135 3252 eero
151 3190 182 3252 id
195 3208 290 3269 genus
307 3189 386 3263 dioit,
405 3189 482 3267 quod
497 3205 554 3249 non
568 3189 633 3267 plus
651 3191 780 3250 minusve
797 3201 852 3266 εει,
872 3209 955 3269 quam
969 3191 1063 3249 decet.

66 3274 131 3335 lion
151 3275 221 3352 quia
243 3274 318 3334 eorui
340 3273 524 3351 expolirique
544 3290 602 3332 nou
624 3272 744 3341 debeam
762 3292 827 3334 nam
848 3283 876 3333 ει
893 3273 966 3332 haec
982 3288 1065 3330 orua-

66 3367 111 3418 tns
126 3376 197 3438 pars
216 3366 277 3426 est;
299 3357 351 3417 sed
373 3358 439 3435 quia
453 3358 551 3416 vitium
570 3367 615 3416 est
630 3356 753 3435 ubique,
780 3358 857 3435 quod
879 3357 992 3414 nimium
1010 3363 1064 3414 est.

67 3439 169 3522 ltaque
183 3440 248 3503 uult
264 3458 333 3503 esse
347 3441 548 3501 auctoritatem
572 3441 601 3500 iu
617 3440 733 3518 verbis,
755 3441 912 3500 sententias
933 3437 981 3497 vel
1002 3445 1107 3516 gra-43
