2408 3854
119 197 160 258 46
432 200 796 262 u.nsu.au1un1u1su1

201 363 259 423 Sed
289 361 385 421 evenit
411 361 599 438 plerumque,
630 367 661 416 ut
680 358 709 415 iu
736 356 790 416 hac
818 356 967 434 diligentia
992 358 1122 420 deterior

10 499 14 507 ,
75 449 201 516 aeoliam
222 447 271 506 liat
293 447 396 505 oratio.
430 443 571 518 Primum,
594 444 660 521 quia
682 450 748 500 sunt
765 442 871 519 optima
888 443 1002 501 minime
1024 459 1121 503 arces-

118 534 172 591 sita
197 541 226 590 et
247 527 425 606 simplicibus
446 536 533 605 atque
555 527 590 586 ab
613 528 676 603 ipsa
699 525 821 584 veritate
842 526 985 603 proiectis
1007 527 1120 587 similia.

116 616 188 676 Nam
216 613 281 687 illa,
310 629 385 689 quae
412 628 509 671 curem
535 610 675 685 latentur,
703 618 732 668 et
752 609 819 668 licta
844 618 931 687 atque
960 611 1122 688 composita

116 699 209 758 uideri
227 699 311 757 etiam
322 695 439 769 volunt,
457 713 513 754 uec
527 694 648 771 gratiam
664 701 881 770 consequuntur
897 702 927 753 et
943 692 1028 753 iidem
1043 695 1121 754 aruit

117 791 178 842 tunt
193 788 314 860 propter
334 779 378 854 id,
397 778 475 856 quod
497 796 600 837 sensus
619 773 788 837 obumbrant¹
810 784 839 836 et
860 777 941 837 velut
961 776 1042 837 laeto
1055 795 1122 855 gra·

76 867 192 931 numine
210 873 272 924 sata
284 862 473 938 strangulant.
518 861 590 921 Nam
606 869 652 935 et,
671 860 748 939 quod
764 869 846 920 recte
862 861 919 921 diui
936 869 1048 940 potest,
1068 862 1121 921 cir·

118 950 255 1009 cumimus
272 962 371 1007 amore
386 944 541 1005 verborum
558 954 605 1020 et,
630 944 708 1023 quod
725 944 796 1003 satis
813 944 997 1020 dictumest,
1013 945 1122 1024 repeti

117 1051 178 1092 mus
196 1040 242 1106 et,
259 1030 336 1108 quod
357 1046 414 1089 uno
435 1030 527 1088 verbo
541 1038 637 1108 patet,
660 1028 792 1106 pluribus
814 1045 966 1088 oneramus
982 1037 1011 1088 et
1025 1028 1122 1107 plera·

118 1134 175 1194 que
196 1115 360 1193 significare
383 1113 486 1173 melius
513 1122 645 1190 putamus
675 1129 758 1190 quam
780 1111 888 1172 dicere.
926 1108 1022 1185 Quid?
1044 1110 1122 1191 qnod

117 1199 188 1260 nihil
201 1201 255 1258 iam
268 1199 416 1276 proprium
431 1197 543 1275 placet,
558 1197 623 1256 dum
634 1213 734 1274 parum
747 1195 874 1255 creditur
883 1196 1032 1270 disertum,
1046 1195 1122 1276 qnod

74 1292 145 1349 teet
161 1283 234 1343 alius
251 1278 394 1342 dixisset?
419 1279 447 1340 A
468 1281 686 1358 corruptissimo
708 1296 825 1358 quoque
841 1287 992 1358 poetarum
1014 1279 1123 1356 figuras

117 1384 169 1427 sen
191 1365 395 1427 translationes
416 1373 590 1440 mutuamur,
614 1373 672 1423 tum
695 1363 808 1422 demum
828 1364 972 1440 ingeniosi
995 1363 1122 1438 scilicet,

118 1452 142 1510 si
161 1450 196 1511 ad
216 1449 422 1525 intelligendos
437 1465 491 1508 uos
514 1464 588 1527 opus
609 1449 646 1508 sit
661 1448 788 1524 ingenio.
825 1445 913 1526 Atqui
931 1447 1002 1507 satis
1020 1455 1124 1526 aperte

119 1532 224 1594 Cicero
248 1541 457 1611 praeceperat,
477 1534 509 1593 iu
533 1533 665 1594 diceudo
681 1532 788 1592 eidam
807 1532 857 1592 oet
872 1533 1039 1592 mammam
1056 1549 1125 1592 esca

118 1636 139 1678 a
153 1617 276 1695 culpari
288 1635 401 1694 pestere
417 1617 566 1678 orationis
579 1624 671 1694 atqam
685 1634 706 1676 u
724 1616 943 1677 ccuauetuds'se
957 1615 1125 1676 emmonis

76 1712 227 1766 adsensum
251 1701 429 1762 abhorrere.
471 1699 530 1760 Sed
559 1698 609 1758 ille
635 1700 722 1759 durus
748 1709 836 1778 atque
864 1699 1040 1766 ineruditus:
1070 1714 1123 1757 aas

119 1784 238 1859 melius,
264 1782 367 1863 quibus
389 1783 489 1844 sordet
511 1800 611 1858 omne,
633 1782 711 1862 quod
728 1791 827 1843 natura
845 1783 980 1859 dictavit,
1000 1783 1050 1860 qui
1068 1798 1124 1841 uon

119 1877 286 1929 ornamenta
299 1869 462 1946 quaerimus
479 1867 531 1928 sed
553 1867 706 1927 lenocinia.
737 1867 826 1940 Quasi
841 1883 912 1927 vern
930 1867 967 1926 sit
982 1865 1042 1925 ulla
1058 1883 1123 1925 ver·

119 1952 219 2012 borum
237 1953 290 2011 nisi
306 1953 349 2011 rei
366 1950 581 2011 cohaerentium
602 1952 707 2018 virtus;
733 1968 808 2029 quae
828 1958 859 2010 ut
879 1950 997 2029 propria
1022 1950 1081 2009 sint
1096 1957 1124 2009 et

119 2035 245 2096 dilucida
276 2045 306 2095 et
334 2045 434 2095 ornata
457 2045 486 2095 et
507 2044 574 2114 apte
604 2034 801 2110 collocentur,
826 2035 851 2093 si
878 2042 939 2095 tota
961 2034 1021 2093 vita
1042 2031 1123 2093 labo·

76 2129 110 2185 at
118 2119 235 2179 randum
266 2127 327 2178 est:
358 2119 449 2178 omnis
478 2119 636 2178 studiorum
664 2118 775 2178 leucius
809 2120 929 2178 amissus
965 2125 1020 2176 est.
1072 2114 1123 2176 At·

120 2205 168 2280 qui
189 2201 349 2280 plerosque
371 2201 472 2261 videas
496 2201 651 2262 haerentes
679 2203 757 2262 circa
786 2201 917 2280 singula,
945 2209 974 2262 et
995 2201 1063 2262 dum
1082 2201 1124 2262 iu·

118 2286 236 2345 veniunt
263 2294 292 2344 et
320 2285 385 2344 dum
412 2287 527 2345 iuventa
555 2285 716 2364 ponderant
744 2304 779 2347 ac
804 2287 996 2347 dimetiuntur.
1038 2284 1123 2360 Quod

119 2370 143 2428 si
165 2367 274 2427 idcirco
297 2369 396 2443 lieret,
419 2378 449 2428 ut
473 2387 590 2448 semper
608 2371 723 2448 optimis
745 2379 907 2431 uterentur:
934 2369 1125 2431 abominanda

119 2460 214 2511 temen
243 2450 316 2512 haec
341 2452 497 2512 infelicitas
524 2464 603 2528 erat,
634 2472 708 2532 quae
736 2464 765 2514 et
792 2473 906 2515 cursum
933 2454 1048 2516 dicendi
1077 2471 1124 2514 re·

119 2535 213 2596 ireuat
236 2544 265 2594 et
285 2536 412 2596 calorem
434 2538 616 2614 cogitationis
638 2540 778 2616 extinguit
798 2556 878 2598 mora
900 2547 929 2598 et
952 2537 1123 2599 diffidentia.

77 2617 209 2679 asslliser
230 2621 304 2680 enim
322 2630 369 2695 et,
391 2629 421 2679 ut
437 2622 480 2680 sic
498 2621 606 2698 dicam,
628 2640 740 2701 pauper
757 2631 856 2682 orator
872 2631 933 2699 eat,
949 2624 998 2700 qui
1014 2620 1124 2682 nullum

118 2703 238 2762 verbum
256 2721 350 2782 aequo
367 2705 460 2764 auimo
476 2705 600 2783 perdere
617 2715 724 2785 potest.
751 2706 809 2766 Sed
824 2725 860 2766 ue
876 2706 980 2785 perdet
996 2704 1123 2784 quidem,

44 2793 57 2859 ²,
118 2789 166 2863 qui
192 2789 333 2846 rationem
359 2787 515 2866 eloquendi
541 2791 660 2868 primum
688 2793 876 2868 cognoverit,
903 2799 962 2850 tum
994 2790 1124 2850 lectione

118 2869 206 2930 multa
228 2879 257 2930 et
277 2871 381 2931 idonea
405 2875 553 2951 copiosam
575 2873 629 2933 sibi
643 2874 798 2934 verborum
813 2872 1028 2953 supellectilem
1045 2889 1124 2933 coar-

118 2955 226 3031 pararit
255 2963 285 3014 et
310 2953 376 3015 huic
404 2956 565 3018 adhibuerit
589 2966 680 3017 artem
705 2958 887 3032 collocandi,
913 2958 1018 3019 deinde
1048 2957 1124 3017 liaeo

119 3037 212 3096 omnia
228 3040 437 3121 exercitatipne
453 3042 574 3120 plurima
588 3041 749 3119 roborarit,
765 3051 795 3101 ut
810 3060 928 3120 semper
943 3044 972 3101 iu
987 3049 1123 3120 promptu

75 3122 174 3180 t9s1nt
197 3131 227 3181 et
247 3130 313 3182 ante
335 3124 447 3184 oculos.
489 3123 620 3204 Namque
640 3124 698 3186 hcc
718 3128 766 3205 qui
788 3125 912 3203 lecerit,
935 3127 962 3186 ei
983 3143 1033 3185 res
1058 3140 1124 3185 cum

118 3205 278 3266 nominibus
299 3209 358 3267 suis
380 3218 543 3268 occurrent.
584 3209 643 3270 Sed
659 3225 732 3288 opus
749 3218 794 3270 est
814 3210 908 3270 studio
925 3209 1124 3289 praecedente

118 3297 147 3349 et
163 3292 305 3370 acquisita
319 3291 456 3353 facultate
477 3300 507 3352 et
527 3295 609 3371 quasi
630 3296 769 3373 reposita.
805 3293 937 3373 Namque
961 3294 1017 3353 ista
1032 3309 1122 3371 quae·

118 3373 214 3451 rendi,
232 3375 390 3451 iudicandi,
414 3377 598 3455 comparandi
614 3379 761 3455 anxietas,
784 3378 849 3439 dum
866 3377 1018 3452 discimus,
1042 3375 1122 3437 adlui-

116 3455 210 3519 heuda
229 3468 289 3536 est,
305 3476 363 3519 nou
378 3459 443 3520 dum
458 3459 588 3521 dicimus.
616 3460 735 3541 Alioqui
751 3463 841 3539 sicut,
858 3462 907 3540 qui
921 3461 1123 3541 patrimonium

108 3592 223 3616 *a
