2408 3854
154 208 214 272 1³2
474 217 511 266 u.
526 216 604 264 sss.
618 183 839 274 optumrum

152 395 236 458 quam
258 376 283 435 si
298 374 392 434 omnia
412 370 503 432 verba
519 387 572 430 suo
589 368 646 429 line
662 368 827 436 eludantur;
855 374 885 427 et
899 384 1102 446 nonnunquam
1116 367 1160 430 lui·

151 462 216 522 ulca
233 461 318 520 etiam
332 459 438 518 decent
453 455 620 533 faciuntque
637 453 777 532 ampliora
800 449 954 531 quaedam:
976 458 1007 511 ut
1023 450 1160 514 Pulchro

76 568 80 578 ¹
150 547 285 608 oratioue
300 551 382 607 octa.
414 539 486 601 Tum
502 539 608 616 longae
627 553 730 616 perse
749 544 778 596 et
793 535 875 596 velut
896 537 1010 614 opimae
1026 536 1159 610 syllabae

151 628 259 708 aliquid
272 627 358 687 etiam
366 625 453 685 medii
465 623 604 702 temporis
616 623 691 681 inter
700 620 839 697 vocales,
858 620 941 699 quasi
954 621 1159 697 intersistatur,

109 721 306 777 trassamunt.
359 709 422 783 Qua
442 708 479 768 dc
505 726 538 769 re
567 715 631 767 utar
662 703 812 766 Ciceronis
842 705 1024 783 potissimum
1048 705 1158 766 verbis.

151 797 267 873 Habet,
286 796 396 873 inquit,
416 794 468 855 illc
490 801 636 869 tunquam
651 790 754 852 Mutus
774 799 804 850 ct
823 808 993 851 concursus
1008 792 1162 853 vocalium

151 883 239 944 crolle
256 881 420 959 quiddam,
437 886 466 940 cl
480 879 562 956 quod
574 876 690 938 iudicet
703 893 764 936 uon
776 875 933 954 improlem
946 876 1162 954 septipeulium

152 968 191 1027 de
205 985 242 1028 rc
258 964 387 1026 mortuas
401 963 500 1041 mopis
514 980 606 1042 quom
621 962 661 1022 de
674 960 778 1022 uerbis
792 959 973 1021 loborantis.

237 1047 373 1109 Ceterum
385 1055 580 1107 consonantes
593 1061 727 1124 quoque,
745 1061 902 1123 earumque
912 1044 1072 1123 praecipue
1085 1061 1161 1121 quae

152 1142 217 1194 sunt
239 1133 423 1211 asperiores,
446 1133 475 1192 in
499 1131 687 1192 commissura
706 1127 862 1188 verborum
879 1129 1024 1204 rixantur,
1045 1136 1077 1187 ut
1099 1128 1161 1188 siS

152 1219 250 1279 ultima
272 1234 336 1277 cum
357 1215 385 1275 X
404 1217 535 1295 proxima
557 1213 710 1291 confligam
734 1230 855 1291 quarum
878 1213 989 1273 tristior
1010 1213 1112 1287 etiam,
1136 1214 1162 1272 si

110 1303 236 1364 babinae
253 1299 441 1376 collidantur,
458 1299 565 1360 stridor
580 1307 640 1374 est,
662 1306 694 1357 ut
707 1294 771 1357 Ars
784 1299 966 1359 studiorum.
1010 1296 1093 1369 Quae
1108 1297 1163 1357 iuit

93 1387 96 1391 ’
153 1404 240 1448 causa
261 1394 290 1445 et
311 1384 432 1461 Servio,
456 1393 486 1444 ut
503 1384 579 1459 dixi,
601 1381 815 1442 subtrahendae
831 1382 852 1442 S
868 1381 1002 1457 litterae,
1025 1381 1162 1460 quotiens

152 1471 251 1530 ultima
274 1477 355 1528 esset
379 1469 493 1547 aliaque
519 1476 698 1528 consonante
719 1467 935 1544 susciperetur;
960 1465 1039 1545 quod
1059 1483 1162 1545 repre·

152 1553 251 1614 luendit
265 1551 418 1628 Luranius,
435 1551 562 1612 Messala
578 1551 716 1612 defendit.
749 1549 823 1611 Nam
839 1568 935 1628 neque
950 1549 1089 1610 Lucilium
1109 1569 1162 1629 pu·

153 1646 212 1698 tant
235 1636 275 1696 uti
296 1636 397 1697 cadem
413 1637 528 1714 ultima,
553 1654 618 1696 cum
634 1634 703 1695 dicit
721 1631 911 1697 Aeserninus
930 1635 989 1714 fud
1004 1643 1033 1694 et
1051 1632 1165 1714 dipuus

152 1724 296 1801 locoquc‚·
322 1729 351 1781 et
367 1718 473 1781 Cicero
496 1723 524 1780 in
540 1719 664 1782 Oratore
685 1718 785 1798 plures
808 1720 990 1798 antiquorum
1011 1718 1097 1780 tradit
1119 1721 1163 1779 sic

111 1806 279 1870 adlocutos.
322 1804 392 1865 Inde
407 1807 607 1885 tuliparum,
621 1804 834 1882 pomeridiem,
853 1812 882 1863 et
892 1802 942 1864 illa
959 1800 1092 1863 Censorii
1108 1801 1163 1863 Ga·

153 1891 228 1950 tonis
243 1888 320 1951 Dice
334 1891 431 1966 boue,
448 1907 542 1970 aeque
557 1887 587 1948 bl
602 1889 699 1949 littera
713 1889 742 1947 in
763 1886 788 1947 E
802 1887 923 1948 mollita.
967 1885 1049 1961 Quae
1067 1889 1097 1947 in
1112 1905 1163 1947 ve·

153 1972 263 2034 teribus
280 1971 361 2032 libris
376 1983 493 2052 reperta
509 1982 620 2033 mutare
637 1973 762 2051 imperiti
774 1971 886 2047 solent,
904 1980 933 2031 et
948 1971 1013 2032 ιίιιιιι
1029 1970 1163 2031 librario-

111 2069 212 2121 40rum
236 2059 373 2117 insectari
394 2058 495 2117 volunt
514 2059 706 2132 inscientiam,
739 2074 819 2117 suam
842 2054 1024 2117 confitentur.
1073 2055 1163 2134 Atqui

154 2142 256 2202 eadem
276 2139 327 2201 illa
348 2140 459 2217 littera,
486 2143 620 2219 quotiens
636 2141 734 2201 ultima
751 2149 795 2201 est
817 2149 847 2200 et
861 2140 995 2201 vocalem
1010 2139 1093 2200 verbi
1115 2158 1163 2200 se·

154 2222 267 2305 quentis
284 2226 323 2284 ita
340 2226 496 2302 contingit,
519 2235 550 2285 ut
570 2227 599 2284 in
617 2243 680 2285 eam
694 2226 818 2286 transire
834 2226 944 2304 possit,
962 2224 1075 2295 etiamsi
1090 2226 1163 2285 scri·

153 2309 246 2384 bitur,
264 2316 359 2367 tamen
374 2326 474 2387 parum
489 2310 673 2388 exprimitur,
695 2318 726 2368 ut
743 2307 871 2372 Multum
883 2310 935 2371 ille
956 2317 986 2368 et
1008 2307 1165 2383 Querulum

154 2401 238 2462 erotr
261 2391 335 2452 adeo
358 2402 388 2451 ut
403 2410 497 2471 paene
516 2393 663 2454 cuiusdam
684 2410 778 2454 novae
797 2394 913 2455 litterae
929 2411 1031 2454 sonum
1049 2393 1161 2454 reddat.

153 2475 257 2555 Neque
281 2477 356 2535 enim
378 2478 511 2537 eximitur
532 2477 585 2538 sed
602 2477 774 2539 obscuratur
797 2487 827 2538 et
842 2487 949 2539 tantum
967 2478 1064 2557 aliqua
1088 2479 1164 2538 inter

110 2562 223 2622 alduas
246 2560 367 2621 vocales
387 2561 467 2622 velut
492 2571 560 2623 nota
584 2571 646 2638 est,
671 2581 708 2622 ne
730 2565 814 2641 ipsae
841 2572 955 2623 coeant.
1000 2561 1164 2623 Videndum

153 2647 254 2722 etiam,
273 2662 310 2704 ue
329 2645 462 2722 syllabae
477 2645 560 2707 verbi
576 2647 681 2726 prioris
699 2646 816 2707 ultimae
833 2649 889 2708 siut
910 2648 1021 2728 primae
1036 2665 1162 2728 sequen·

153 2731 199 2788 tis.
242 2727 326 2789 Idne
344 2732 408 2810 quis
424 2733 555 2810 praecipi
572 2733 707 2806 miretur,
725 2728 861 2791 Ciceroni
882 2733 912 2792 in
931 2731 1066 2811 epistolis
1083 2732 1162 2791 exci-

153 2812 208 2872 dit:
226 2812 289 2874 Res
300 2815 373 2874 milri
385 2815 505 2878 iuoisoe
517 2816 603 2877 aisne
616 2822 701 2892 suut,
716 2813 821 2878 Brute.
866 2814 904 2876 m
919 2816 948 2874 in
963 2817 1108 2876 carmine:

308 2895 534 2976 Ofortuuotcm
543 2908 650 2961 uotam
664 2917 711 2960 mc
727 2897 855 2962 Consule
870 2899 1007 2964 Romam.

112 2977 246 3041 lalltiam
257 2982 479 3058 monosyllaba,
494 2985 519 3043 si
534 2983 617 3062 plura
632 2992 713 3059 sunt,
729 2983 805 3043 male
821 2983 1078 3061 continuabuntur,
1095 2984 1162 3062 quia

154 3082 278 3124 necesse
307 3075 353 3126 est
375 3069 549 3145 compositio
569 3068 666 3127 multis
694 3066 832 3128 clausulis
860 3069 979 3128 concisa
1005 3066 1160 3153 subsultet.

153 3148 283 3226 Ideoque
305 3150 391 3210 etiam
408 3150 539 3211 brevium
554 3150 710 3212 verborum
732 3169 767 3212 ac
794 3154 938 3212 nominum
956 3152 1073 3213 vitanda
1093 3168 1160 3213 con·

154 3234 272 3293 sinuatio
286 3242 315 3293 et
330 3251 367 3293 ex
383 3235 500 3295 diverso
516 3253 633 3313 quoque
646 3236 817 3314 longorum,
834 3236 917 3297 affert
930 3237 1005 3297 enim
1021 3236 1162 3316 quandam

155 3317 269 3378 dicendi
290 3318 462 3378 tarditatem.
507 3318 561 3380 Illa
584 3337 700 3399 quoque
715 3321 785 3381 vitia
803 3330 868 3381 sunt
891 3321 1020 3382 eiusdem
1038 3321 1113 3396 loci,
1137 3321 1161 3378 si
1184 3386 1186 3392 ¹

156 3402 288 3463 cadentia
300 3402 431 3462 similiter
442 3412 471 3463 et
486 3403 617 3464 similiter
632 3404 792 3464 desinentia
808 3414 837 3465 et
852 3406 957 3466 eodem
970 3405 1058 3466 modo
1071 3404 1161 3467 decli·

108 3492 216 3544 senate
236 3486 327 3546 multa
350 3488 512 3567 iunguntur.
558 3486 603 3548 Ne
623 3488 712 3549 verba
733 3488 849 3568 quidem
863 3489 962 3550 verbis
982 3499 1031 3550 aut
1046 3489 1161 3550 nomina
