2408 3854
355 202 795 273 msu.0nuuon.u1n.1rs,a.
1021 197 1080 258 105

72 360 254 423 schematum
276 360 410 421 condicio
430 376 488 419 uon
511 360 612 420 eadem
631 370 685 420 est.
724 360 889 436 Quamlibet
905 363 979 421 enim
995 381 1080 442 aper·

73 455 143 522 tum,
162 443 241 525 quod
261 445 349 505 modo
373 453 402 505 et
423 444 508 504 aliter
530 443 653 521 intelligi
674 445 783 523 possit,
806 446 833 503 in
853 445 920 504 illos
943 454 1080 521 tyrannus

73 529 293 604 benedixeris,
323 529 389 606 quia
404 527 565 606 periculum
580 537 686 587 tantum
702 545 760 588 non
779 531 863 588 etiarn
882 529 993 590 ollensa
1009 534 1080 591 vita·

74 622 128 675 tur.
160 612 247 687 Quod
262 613 288 672 si
303 611 490 689 ambiguitate
508 613 669 672 sententiae
691 615 784 692 possit
805 613 897 689 cludi,
920 632 1003 673 nemo
1026 625 1124 680 nouas

73 698 116 758 illi
130 697 210 757 furto
226 697 316 757 lavet.
342 696 421 756 Vera
438 697 557 772 negotia
573 714 715 774 nunquam
731 697 824 757 adbuc
835 697 995 758 habueruut
1007 699 1081 760 hanc

73 781 182 843 silentii
199 781 420 846 necessitatem:
438 779 593 839 sedaliam
610 779 677 840 huic
692 781 812 841 similem
824 799 923 842 verum
940 783 1029 842 multo
1046 783 1081 843 ad

73 865 218 944 agendum
234 864 444 939 difficiliorem,
468 881 532 923 cum
548 881 693 941 personae
708 875 845 944 potentes
864 866 997 941 obstant,
1020 869 1094 928 sinc⁸

74 967 196 1029 quarmn
212 947 444 1028 reprehensione
461 949 554 1007 teneri
573 965 660 1007 causa
671 965 729 1009 uon
745 951 848 1028 possit.
879 949 1008 1031 ideoque
1026 953 1125 1016 hocca

73 1035 193 1113 parcius
210 1042 241 1092 et
259 1033 500 1111 circumspectius
516 1031 678 1091 laciendum
695 1041 755 1099 est;
781 1036 846 1111 quia
862 1035 931 1094 nihil
949 1037 1081 1111 interest,

73 1117 222 1197 quamdo
240 1117 387 1193 offendas,
410 1125 440 1176 et
460 1125 559 1195 aperta
583 1115 673 1194 ligura
690 1117 784 1194 perdit
799 1117 856 1176 hoc
872 1119 980 1197 ipsum,
1005 1119 1082 1197 quod

74 1202 240 1281 figuraest.
282 1200 412 1279 Ideoque
435 1219 452 1260 a
475 1199 644 1279 quibusdam
672 1209 731 1261 tota
747 1219 795 1260 res
812 1202 995 1279 repudiatur,
1018 1205 1081 1262 sive

72 1285 252 1365 intelligatur
267 1286 331 1345 sive
347 1303 405 1345 uon
421 1283 608 1361 intelligatur.
640 1284 699 1343 Sed
716 1285 786 1345 licet
801 1285 915 1345 modum
931 1285 1079 1345 adbibere.

73 1368 106 1432 ln
120 1371 234 1450 primis,
250 1388 287 1429 ue
303 1371 359 1430 sint
373 1367 555 1429 manifestae.
592 1367 658 1427 Nou
680 1379 763 1429 erunt
784 1379 895 1443 autem,
920 1372 945 1429 si
970 1388 1082 1430 sonex

72 1454 173 1514 verbis
196 1452 289 1515 dubiis
315 1463 344 1514 et
372 1454 454 1534 quasi
477 1450 641 1531 duplicibus
665 1463 815 1532 petentur:
842 1463 872 1513 ut
894 1455 921 1513 in
945 1464 1083 1534 suspecta

73 1557 156 1614 uum,-
170 1536 259 1600 Daci
271 1555 409 1614 worma,
427 1555 507 1615 quac
520 1538 606 1615 patri
613 1538 751 1615 ptocutt;
768 1548 827 1615 aut,
844 1538 922 1618 quod
939 1547 984 1600 est
994 1540 1125 1603 multato

74 1625 213 1703 ineptius,
236 1620 494 1703 compositionibus
518 1619 675 1698 ambiguis:
698 1632 729 1682 ut
749 1625 777 1683 in
796 1623 846 1682 illa
871 1626 1081 1700 controversia,

74 1709 102 1768 in
117 1725 175 1788 qua
190 1706 302 1767 infamis
317 1723 417 1767 amore
429 1706 507 1766 liliac
522 1706 642 1783 virginis
654 1716 737 1785 pater
751 1716 863 1785 raptam
879 1725 942 1767 earn
960 1709 1081 1768 iuterro-

74 1800 140 1871 gat,
157 1809 247 1870 aquo
263 1793 362 1853 vitiata
380 1792 434 1866 sit,
455 1787 532 1863 octe
547 1799 591 1867 te,
612 1791 718 1868 inquit,
742 1792 871 1870 rapuit?
905 1789 964 1863 Ta,
979 1800 1080 1870 palm,

73 1877 199 1939 nucis?
234 1875 293 1936 Res
316 1877 399 1955 ipsae
422 1874 583 1954 perducant
603 1873 726 1934 iudicem
750 1874 786 1934 ad
810 1876 1023 1952 suspicionem,
1054 1883 1118 1938 ettl

74 1960 245 2021 amoliamur
268 1969 383 2035 cetera,
412 1967 442 2018 ut
467 1958 526 2017 hoc
552 1957 644 2016 solum
668 1959 808 2037 supersit3
831 1959 859 2016 in
883 1975 940 2036 quo
964 1958 1081 2017 multum

75 2046 161 2106 etiam
177 2043 299 2112 allectus
314 2045 410 2104 iuvant
427 2052 455 2102 et
472 2045 631 2121 interrupta
647 2042 763 2101 silentio
779 2041 868 2102 dictio
881 2051 911 2101 et
921 2044 1080 2102 cunctatio-

75 2146 139 2188 nes.
172 2129 222 2189 Sic
237 2129 312 2188 euim
328 2128 394 2204 liet,
417 2136 447 2186 ut
468 2127 556 2187 iudex
578 2136 700 2204 quaerat
715 2126 785 2187 illud
800 2129 902 2187 nescio
919 2127 986 2205 quid
1004 2129 1080 2205 ipse,

76 2212 154 2291 quod
169 2211 296 2272 fortasse
311 2229 368 2273 non
389 2210 534 2287 crederet,
557 2211 582 2270 si
598 2210 725 2286 audiret,
744 2221 773 2271 et
790 2214 838 2287 ei,
865 2212 943 2291 quod
959 2229 975 2270 a
991 2230 1024 2271 se
1040 2212 1080 2271 in·

74 2304 191 2356 ventum
215 2297 376 2371 existimat,
400 2297 509 2356 credat.
556 2294 614 2355 Sed
637 2314 673 2356 oe
691 2297 715 2355 si
734 2299 861 2376 optimae
880 2296 995 2376 quidem
1013 2298 1122 2371 5¹1b⁷2

76 2397 144 2441 esse
160 2378 268 2440 debent
284 2381 463 2460 frequentes.
504 2379 576 2440 Nam
600 2379 742 2440 densitate
763 2382 826 2459 ipsa
848 2382 960 2459 figurae
984 2382 1078 2459 aperi·

75 2473 171 2540 untur,
187 2482 244 2524 uec
260 2465 389 2525 offensae
406 2466 498 2523 miuus
519 2462 626 2524 babent
644 2465 697 2524 sed
712 2466 901 2525 auctoritatis.
938 2463 1002 2524 Neo
1028 2483 1079 2542 pu·

75 2549 130 2610 dor
148 2547 278 2624 videtum,
304 2548 381 2627 quod
402 2564 459 2607 uon
481 2548 574 2626 palam
600 2547 737 2624 obiicias,
761 2548 814 2608 sed
837 2548 1004 2609 diffidentia.
1048 2546 1080 2607 lu

75 2649 200 2707 summa,
223 2633 267 2691 sic
281 2635 403 2692 maxime
424 2631 512 2692 iudex
534 2633 626 2692 credit
647 2632 763 2709 liguris,
789 2632 813 2691 si
835 2648 888 2691 uos
904 2639 985 2709 putat
1000 2631 1080 2690 nolle

77 2716 187 2778 dicere.
221 2714 364 2794 Equidem
386 2725 415 2776 et
436 2718 464 2775 in
483 2732 624 2795 personas
641 2715 727 2776 incidi
743 2715 817 2775 tales
839 2724 868 2775 et
885 2717 914 2774 in
929 2733 990 2774 rem
1009 2720 1125 2792 quo-⁷3

76 2818 145 2880 quc,
162 2800 241 2877 quud
259 2809 304 2860 cst
320 2802 412 2878 magis
428 2818 539 2876 rarum,
562 2819 636 2878 quae
658 2799 782 2859 obtineri
805 2799 859 2859 uisi
875 2799 930 2860 hac
946 2808 1008 2859 arte
1023 2817 1080 2860 uon

75 2892 188 2964 possotz
221 2884 312 2946 licam
327 2884 440 2961 tuebar,
458 2902 532 2962 quae
543 2882 705 2944 subiecisse
722 2882 872 2944 dicebatur
883 2886 977 2944 mariti
992 2893 1079 2945 testa-

75 2976 219 3044 mentum,
245 2978 274 3030 et
289 2968 459 3030 dicebantur
475 2967 699 3047 chirographum
715 2970 818 3029 marito
835 2970 979 3048 expiranti
994 2970 1079 3029 here·

76 3054 130 3114 des
151 3052 284 3122 dedisse3
308 3063 337 3113 et
356 3071 457 3114 verum
479 3061 551 3113 erat.
592 3051 680 3130 Nam,
702 3054 768 3133 quia
789 3071 844 3132 per
865 3053 950 3132 leges
969 3054 1126 3131 ,instituitl

76 3154 152 3199 uxor
167 3154 225 3197 nou
240 3147 355 3216 poterat
370 3138 469 3212 heres,
486 3136 513 3197 id
529 3137 624 3197 furerat
638 3148 743 3213 actum,
760 3148 790 3198 ut
803 3137 838 3198 ad
855 3156 918 3198 eam
934 3136 1012 3198 bona
1027 3155 1080 3215 per

75 3222 134 3282 boc
156 3224 274 3282 tacitum
296 3221 548 3282 lldeicommissum
569 3224 764 3301 pervenirent.
800 3220 837 3282 ltu
859 3231 945 3300 caput
965 3220 1079 3299 quidem

75 3306 151 3366 tueri
169 3305 257 3365 iacile
273 3315 351 3381 erat,
372 3308 397 3365 si
412 3304 470 3365 boc
485 3306 647 3366 diceremus
664 3307 775 3386 palam,
798 3305 850 3365 sed
867 3304 1080 3384 peribathere·

76 3389 162 3451 ditas.
199 3388 241 3450 lta
258 3406 329 3467 ergo
346 3389 399 3450 luit
414 3389 498 3450 nobis
514 3389 672 3467 agendum,
696 3398 727 3450 ut
748 3390 859 3450 iudices
880 3385 1083 3472 illudintelli-

75 3481 183 3554 gerent
194 3473 311 3551 iactuum,
319 3473 468 3534 delatores
481 3490 539 3534 non
549 3483 672 3552 possent
683 3470 907 3552 apprehendere
918 3481 949 3532 ut
960 3471 1079 3540 dictum:
