2408 3854
155 185 174 244 o
503 197 539 244 n.
555 195 634 243 ran.
647 195 867 254 ournrrnmur

110 361 145 416 ⁶29
238 349 376 410 Solebam
397 359 426 409 et
442 368 622 428 excerpere,
647 351 714 428 quid
734 349 802 409 milri
820 368 884 410 cum
902 351 1070 412 adversario
1089 369 1153 414 con·

152 434 280 510 veniret,
305 437 330 494 si
351 435 436 493 modo
452 433 481 492 id
503 451 555 512 pro
572 452 617 492 me
636 444 713 510 crat,
737 451 791 493 nec
818 434 919 503 solum
933 453 1067 514 premere
1089 454 1158 497 oon-

153 517 312 577 lessionem
327 518 380 577 sed
395 517 546 596 partiendo
562 517 771 596 multiplicare:
792 527 822 577 ut
837 519 865 577 in
880 518 929 578 illa
945 524 1158 596 controversis,

150 599 241 678 Dua,
264 603 317 679 pai
331 604 553 681 competitorem
571 611 695 681 patrem
716 603 749 662 in
765 604 924 681 satrapiis
942 604 1078 679 uicerat,
1103 625 1159 667 ca-

148 694 221 763 ptur
238 695 300 756 est;
322 694 426 747 euntes
440 686 485 748 ad
504 686 740 766 redemptionem
760 688 826 747 eius
840 687 933 766 lopati
958 687 1078 749 obmum
1102 689 1159 751 ba·

151 771 282 831 buerant
292 780 414 848 patrem
430 778 630 832 reuertentem
644 772 685 833 ab
705 770 849 833 iactibus.
889 769 924 831 Iu
938 772 1047 850 topatio
1062 773 1159 835 dimit.-

108 850 247 932 308ero,
265 855 326 915 itis.
371 851 585 916 Excusseront
597 856 643 918 itti
654 861 776 935 patrem
791 862 821 915 et
837 874 948 917 auram
964 857 997 916 in
1012 859 1082 918 sinn
1094 860 1160 919 einr

150 938 349 1008 inveneram
368 939 428 1014 ipsi
441 947 682 1016 perseverarunt
695 941 759 1015 ire,
776 956 835 1016 quo
848 941 1063 1011 intenderant;
1077 944 1159 1005 inoe-

150 1028 261 1083 nerunt
276 1024 385 1084 ducem
407 1025 495 1084 cruci
508 1023 620 1102 finum,
644 1026 732 1085 caius
746 1041 808 1084 oon
818 1024 896 1102 snit:
917 1023 1031 1087 Cavete
1048 1028 1159 1105 prodi-

151 1115 255 1168 torem.
300 1105 384 1167 Reus
407 1114 452 1168 ert
470 1115 571 1186 pater.
616 1106 690 1182 Quid
716 1105 871 1167 convenit?
914 1106 1051 1171 Proditio
1072 1111 1159 1173 nobis

148 1190 316 1269 praedicta
330 1199 376 1252 ert
390 1199 419 1253 et
430 1190 598 1270 praedicta
615 1210 635 1253 a
657 1192 758 1260 duem·
784 1193 948 1270 quaerimus
966 1194 1157 1271 proditorem.

154 1275 195 1336 Te
210 1276 272 1338 isse
291 1274 336 1336 ad
352 1275 452 1336 bootes
463 1275 576 1353 soteris
595 1283 625 1336 et
645 1276 707 1336 iere
719 1275 799 1336 clam
814 1283 847 1355 et,
860 1277 900 1338 ab
916 1276 963 1338 tas
977 1278 1160 1340 incolumem

109 1370 142 1424 31
150 1361 281 1434 rediise,
298 1378 409 1420 auram
422 1358 564 1421 retulisse
576 1365 605 1419 et
615 1377 726 1420 aarum
737 1361 888 1421 occultum
896 1359 1048 1423 babuisse.
1073 1361 1158 1428 Nam,

153 1441 230 1522 quod
242 1443 328 1518 iecit,
345 1442 374 1502 id
385 1459 587 1521 nonnunquam
599 1443 744 1520 potentius
757 1442 788 1502 lit
802 1443 831 1501 in
847 1445 1064 1521 propositione;
1082 1464 1159 1523 quae

152 1529 176 1586 si
201 1528 310 1585 animos
332 1527 504 1604 occupavit,
523 1542 616 1604 prope
639 1544 724 1585 aures
746 1527 828 1604 ipsae
845 1525 1008 1586 defensioni
1022 1529 1159 1606 praeclu-

152 1611 264 1671 duntur.
309 1609 342 1669 ln
362 1618 452 1669 totum
473 1619 569 1669 autem
588 1612 778 1688 congregatio
803 1611 949 1668 criminum
972 1614 1160 1670 accusantem

152 1694 283 1770 adiuvat,
305 1696 452 1772 separatio
475 1693 688 1754 defendentem.
733 1692 871 1754 Solebam
886 1694 932 1769 id,
954 1694 1032 1772 quod
1046 1693 1111 1753 lieri
1131 1705 1160 1754 et

152 1781 179 1837 in
189 1781 364 1855 argumentis
375 1779 450 1854 dixi,
467 1780 496 1837 iu
508 1787 568 1840 tota
576 1778 676 1839 iacere
687 1780 823 1853 materia,
839 1786 870 1836 ut
880 1778 1056 1855 propositis,
1075 1787 1159 1838 extra

152 1880 227 1941 quae
247 1861 317 1922 nihil
340 1871 435 1938 esset,
463 1861 594 1921 omnibus
610 1861 715 1922 deinde
731 1863 838 1921 ceteris
859 1863 996 1937 remotis,
1020 1860 1115 1921 solum
1130 1863 1158 1922 id

109 1955 337 2025 32superesset,
366 1947 444 2026 quod
466 1945 546 2006 credi
566 1945 711 2007 uolebam.
761 1944 850 2006 Utin
878 1945 1158 2023 praevaricationum

152 2030 333 2091 criminibus:
350 2029 388 2091 Ut
398 2031 575 2092 absolvatur
589 2050 678 2108 reus,
694 2037 749 2091 aut
761 2030 935 2090 innocentia
949 2029 1048 2107 ipsius
1060 2029 1095 2106 {a
1105 2038 1159 2090 aut

150 2116 479 2192 interuenienteatiqua
485 2121 636 2192 potestate
647 2123 703 2175 aut
712 2117 743 2175 oi
755 2121 810 2174 aut
820 2120 964 2190 corrupto
977 2112 1094 2174 iudicio
1104 2121 1158 2174 aut

152 2198 334 2275 difficultate
347 2198 539 2275 probationis
555 2207 610 2258 aut
627 2197 909 2275 praevaricatione.
930 2228 974 2244 -·
992 2193 1157 2258 Nocentcm

148 2282 247 2360 fuisse
258 2281 422 2358 confiteris,
434 2281 518 2341 nulla
528 2288 663 2357 potestas
671 2279 799 2356 obstitit,
810 2279 896 2340 nnita
905 2280 969 2354 oie,
979 2288 1158 2359 corruptum

150 2365 299 2427 iudicium
309 2365 533 2442 conquereris,
548 2364 633 2426 nulla
645 2362 802 2443 probandi
813 2361 982 2441 difficultas
991 2364 1066 2442 fuit:
1078 2365 1158 2441 ‘quid

110 2457 311 2530 333aperect,
334 2451 396 2509 nisi
416 2456 451 2508 ut
467 2448 701 2527 praevaricatio
719 2447 834 2525 fuerit?
878 2446 909 2505 si
930 2449 1024 2506 omnia
1045 2447 1157 2507 amoliri

152 2551 210 2593 non
229 2541 376 2612 poteram,
404 2541 499 2592 tamen
524 2531 607 2610 plura
633 2529 799 2590 amoliebar.
844 2528 1001 2591 Hominem
1022 2533 1158 2592 occisam

152 2624 370 2688 encaeniatum
390 2636 451 2678 non
466 2618 499 2676 in
520 2615 700 2692 solitudine,
720 2623 754 2676 ut
769 2633 790 2676 a
809 2615 980 2676 latronibus
994 2617 1157 2694 auspicem

151 2721 212 2764 non
225 2701 370 2780 praedae
389 2702 511 2781 pratia,
535 2703 608 2778 quia
621 2701 805 2778 inspoliatus
828 2708 891 2767 esu·
915 2718 976 2761 non
997 2701 1157 2762 beredita-

152 2787 192 2847 tic
210 2805 282 2865 cpe,
309 2787 383 2863 quia
400 2803 525 2864 pauper
543 2785 618 2864 fait:
647 2785 750 2846 odium
768 2785 865 2862 ipitnr
888 2785 922 2844 in
943 2801 1059 2861 cauea,
1088 2803 1157 2846 cam

110 2873 196 2933 aras
209 2872 359 2933 inimicus.
391 2868 472 2943 Quae
487 2888 536 2929 res
548 2879 643 2928 autem
658 2868 820 2928 faciliorem
835 2868 967 2928 divisioni
980 2871 1055 2928 viam
1071 2887 1157 2948 pree·

153 2963 225 3031 stat,
245 2954 347 3014 eadem
363 2955 520 3013 inventioni
535 2970 668 3032 quoquc:
689 2960 845 3027 excutere,
863 2952 999 3031 quidquid
1016 2953 1073 3013 dici
1091 2961 1157 3032 pot-

155 3047 218 3114 est,
243 3047 272 3097 et
290 3036 371 3097 velut
393 3038 553 3100 reiectione
576 3038 653 3097 lacta
674 3036 709 3095 ad
728 3037 865 3114 optimum
882 3039 1046 3113 pervenire.
1092 3033 1158 3098 Ac·

154 3129 281 3183 cusator
296 3119 384 3196 blito,
409 3122 491 3198 quod
506 3119 645 3183 Clodiam
661 3122 818 3182 cemeterii
862 3120 920 3178 Aut
935 3119 1005 3179 fecit
1022 3130 1070 3180 aut
1087 3138 1156 3181 non,

155 3203 298 3284 Optimum
314 3214 376 3264 erat
391 3223 515 3282 regnum
537 3206 589 3265 sed
600 3222 657 3263 non
673 3212 787 3282 potest:
810 3203 917 3263 occidit
935 3221 1007 3282 ergo
1030 3213 1079 3265 aut
1093 3207 1156 3265 iure

154 3298 202 3348 aut
217 3290 328 3349 iniuria.
372 3287 479 3368 Utique
494 3292 571 3349 iure:
594 3297 642 3348 aut
657 3288 804 3347 voluntate
820 3296 868 3348 aut
879 3290 1072 3357 necessitate;
1091 3307 1156 3350 nam

111 3374 314 3452 osignoramia
336 3373 486 3453 praetendi
506 3391 564 3432 non
582 3381 689 3452 potest.
733 3371 875 3430 Voluntas
890 3388 998 3449 anceps
1017 3380 1080 3448 est,
1102 3374 1156 3435 sed

67 3478 70 3483 ·
155 3459 280 3536 quisita
302 3458 433 3516 homines
451 3465 567 3534 putant:
591 3455 757 3534 attingenda
775 3454 923 3530 defensio,
945 3463 976 3514 ut
996 3456 1024 3515 id
1045 3473 1100 3535 pro
1123 3475 1157 3517 re
