2408 3854
372 174 818 243 11uss.onuuon.n1n.1x,4.
1032 170 1086 230 141
1179 207 1180 210 =

77 332 272 394 temeritates.
309 329 362 390 Est
384 332 459 390 enim
474 331 619 408 quoddam
634 333 698 410 ipsa
713 331 855 393 divisione
870 334 1027 396 verborum
1047 337 1130 403 lau-98

78 425 143 476 tens
154 425 284 494 tempus,
299 423 330 474 ut
342 417 371 474 in
381 417 553 492 pentametri
565 415 660 476 medio
672 418 823 494 spondeo,
841 419 889 496 qui
901 421 955 479 nisi
969 419 1086 480 alterius

78 499 162 560 verbi
176 499 232 560 line
248 500 367 561 alterius
382 501 463 559 initio
480 508 609 576 constat,
625 518 741 560 versum
756 517 813 560 non
829 501 929 562 eflicit.
975 503 1085 580 Potest,

79 585 191 645 etiamsi
212 585 304 644 minus
328 583 420 658 benc,
440 585 581 662 praeponi
596 593 786 663 anapaestos:
809 584 940 649 Meliore
959 608 1020 649 ome
1040 608 1087 650 so·

77 670 140 731 lum
155 669 250 730 nobiti
263 687 370 729 cerum
385 670 476 729 etiem
489 676 571 732 octe.
614 669 696 729 Sicut
710 680 885 748 anapaestus
904 682 932 731 et
948 675 1085 748 creticus,
1095 682 1130 737 99

76 752 188 814 iambos
210 769 343 831 quoque,
363 753 411 830 qui
434 761 480 812 est
500 761 624 831 utroque
647 751 760 828 syllaba
783 756 892 832 minor,
912 756 1087 836 (praecedet

78 838 154 897 enim
169 845 229 896 tres
248 836 352 914 longas
369 836 484 914 breuis)
504 845 533 895 et
552 837 700 914 spondeus
721 836 816 898 iambo
834 850 917 900 recte
933 843 1086 920 praeponi·

77 931 138 982 tur:
162 919 276 981 Iisdem
293 924 326 981 io
346 921 511 999 ormisfui.
555 920 626 980 Tum
642 920 789 999 spondeus
812 932 842 982 et
865 922 1022 1000 bacchius,
1045 927 1088 985 sic

78 1007 152 1068 enim
179 1006 229 1067 het
249 1005 364 1065 ultimus
385 1004 551 1064 dochmius.
581 1003 619 1065 lo
633 1007 731 1064 ommis
750 1007 861 1068 iisdem
880 1010 935 1087 soi.
979 1008 1025 1068 Ex
1042 1010 1147 1085 iis,1oo

79 1110 154 1172 quae
175 1109 262 1170 supra
284 1088 422 1169 probavi,
451 1099 591 1168 apparet,
620 1088 772 1149 molosson
800 1108 918 1169 quoque
940 1092 1088 1153 clausulae

78 1178 253 1251 convenire,
272 1175 338 1235 dum
358 1173 465 1234 habeat
481 1191 519 1232 ex
534 1190 707 1252 quocunque
724 1174 800 1252 pede
817 1184 882 1234 ante
902 1195 935 1235 se
951 1176 1086 1237 brevem:

78 1260 162 1323 Illud
175 1262 289 1322 scimus
304 1261 474 1338 tubicenque
489 1266 575 1333 suot,
593 1277 660 1319 esse
670 1276 731 1337 pro
741 1260 838 1320 uobis.
883 1258 976 1319 Minus
988 1262 1086 1337 gravis
1096 1271 1143 1324 101

79 1347 134 1405 erit
146 1344 312 1423 spondeus,
325 1342 522 1423 praecedente
534 1341 718 1421 pyrrhichio,
732 1351 763 1402 ut
773 1341 890 1405 ludicii
900 1343 1025 1405 Ionium
1033 1389 1041 1419 ,
1059 1353 1088 1404 et

67 1428 173 1490 adhuc
191 1429 274 1508 peius
290 1431 389 1506 priore
405 1443 536 1505 paeone,
558 1435 590 1487 ut
607 1425 718 1503 Brute,
738 1428 879 1490 dubitavi
884 1451 898 1499 ‚·
918 1430 972 1487 nisi
991 1429 1087 1507 potius

78 1513 136 1573 hoo
159 1531 227 1572 esse
248 1511 380 1572 volumu's
399 1510 543 1587 dactylum
566 1519 595 1571 et
612 1510 773 1572 bacchium.
808 1512 874 1573 Duo
891 1514 1014 1592 spondei
1031 1528 1088 1572 non

78 1598 143 1658 lere
159 1615 192 1656 se
208 1599 287 1674 iungi
302 1597 465 1674 patiuntur,
486 1612 561 1674 quae
576 1597 605 1654 in
620 1613 709 1654 versu
724 1613 842 1675 qnoque
858 1597 994 1659 notabilis
1010 1596 1087 1658 clau·

78 1681 142 1742 sula
165 1690 226 1758 est,
249 1682 303 1740 nisi
325 1699 389 1741 cum
415 1679 443 1739 id
461 1680 523 1739 lieri
540 1688 639 1758 potest
662 1679 810 1740 extribus
835 1683 916 1759 quasi
935 1681 1087 1741 membris:

80 1764 144 1827 Cur
166 1767 206 1828 de
226 1767 369 1845 perfopis
389 1765 503 1826 uostris
524 1766 632 1842 copias
649 1771 808 1842 comparet
828 1767 857 1826 is
879 1772 988 1826 contro
1012 1765 1089 1825 mos?

79 1850 134 1910 una
150 1849 279 1926 syllaba,
297 1848 423 1924 duabus,
441 1865 505 1908 una.
534 1847 578 1907 Ne
591 1847 724 1922 dactylus
737 1847 853 1925 quidem
866 1848 998 1927 spondeo
1014 1848 1089 1908 bene
1097 1862 1148 1914 102

79 1937 282 2014 praeponitur,
306 1934 371 2012 quia
393 1933 477 1992 finem
500 1950 603 1992 versus
625 1931 789 1991 damnamus
813 1933 842 1991 in
857 1932 913 1992 fine
938 1933 1087 1992 orationis.

79 2020 221 2080 Bacchius
240 2028 269 2078 et
287 2017 395 2077 clandit
416 2026 445 2077 et
466 2017 520 2076 sibi
541 2017 681 2093 iungitur:
709 2013 863 2078 Venenum
879 2018 1018 2088 timeres·
1040 2015 1090 2075 vel

81 2104 219 2163 choreum
235 2112 264 2163 et
279 2101 441 2181 spondeum
452 2110 518 2162 ante
534 2110 623 2160 amat:
644 2099 680 2162 Vt
693 2119 842 2162 oeoeoom
851 2102 984 2164 timeres.
1014 2097 1089 2159 Gon·

80 2189 183 2248 trarius
200 2204 316 2266 quoque
332 2189 380 2266 qui
399 2195 459 2262 est,
479 2185 591 2262 cludet,
614 2187 717 2252 nisisi
738 2186 865 2246 nltimam
888 2186 1003 2263 longam
1022 2202 1089 2243 esse

78 2271 229 2348 volumus,
253 2274 420 2351 optimeque
444 2269 562 2332 habebit
589 2280 655 2331 ante
682 2289 715 2330 se
733 2270 902 2331 molosson:
924 2268 1007 2331 Civis
1028 2268 1090 2329 no-

79 2375 291 2427 manassem:
309 2366 357 2416 aut
367 2355 535 2431 bacchium,
553 2353 643 2428 Quod
656 2355 706 2417 hio
721 2364 837 2434 potest,
853 2374 911 2417 uos
919 2372 1087 2434 possemus.

80 2441 140 2502 Sed
154 2443 252 2500 verius
269 2443 324 2501 erit
340 2440 477 2501 claudere
493 2439 631 2500 choreum
646 2438 844 2517 praecedente
861 2438 1010 2518 spondeo,
1026 2453 1091 2496 nam
1099 2442 1150 2499 10³

80 2525 128 2585 hic
150 2527 245 2603 potius
269 2534 314 2584 est
339 2542 490 2584 numerus:
522 2521 586 2585 Nos
607 2539 765 2602 possemus
787 2532 816 2582 et
835 2523 992 2584 Romanos
1012 2538 1088 2580 som

82 2606 205 2668 Claudet
221 2616 251 2667 et
262 2607 433 2684 dichoreus,
451 2609 537 2669 idest
552 2607 629 2667 idem
643 2625 697 2684 pes
714 2606 769 2665 sibi
784 2608 849 2684 ipse
863 2608 1015 2681 iungetur,
1032 2620 1089 2680 quo

81 2691 182 2751 Asiani
208 2700 273 2751 sunt
298 2693 342 2750 usi
368 2691 535 2769 plurimum;
567 2692 648 2751 cuius
668 2689 839 2767 exemplum
861 2686 966 2748 Gioero
993 2688 1089 2766 ponit:

82 2775 186 2838 Potm's
202 2777 318 2837 dictum
331 2776 455 2853 sopiens
470 2777 627 2837 temeritas
639 2773 696 2852 filii
711 2773 927 2851 cmnprobcoit.
955 2770 1151 2850 Accipieuuoa

82 2870 149 2922 ante
165 2879 197 2920 se
211 2860 336 2921 choreus
353 2868 382 2919 et
398 2857 608 2938 pyrrhichium:
634 2855 744 2918 Omnes
760 2875 858 2937 prope
873 2858 956 2918 cloes
969 2857 1091 2931 virtute,

80 2948 199 3025 ptumo,
221 2947 370 3025 dipsitote
387 2943 565 3022 superabat.
611 2940 716 3002 Glndet
736 2951 766 3002 et
781 2940 931 3017 dactylus,
954 2941 1008 3000 nisi
1026 2956 1093 2999 eum

84 3029 252 3089 observatio
264 3029 381 3090 ultimae
395 3029 535 3089 creticum
549 3027 635 3087 lacit:
650 3024 835 3088 Mulierculae
845 3028 981 3087 maeste
993 3025 1092 3086 litore.

83 3111 208 3172 llabebit
219 3124 285 3175 ante
296 3113 371 3174 bene
385 3113 525 3174 creticum
537 3121 566 3172 et
577 3110 716 3187 iambum,
729 3110 890 3190 spondeum
900 3108 995 3184 male,
1009 3110 1091 3187 peius

85 3195 233 3256 choreum.
252 3197 347 3259 Gludit
359 3195 597 3277 amphibrachys:
612 3193 647 3270 Q.
657 3191 975 3275 bipertomindsrtoo
984 3193 1151 3281 missales

85 3281 109 3339 si
134 3297 191 3339 non
207 3298 271 3341 sum
287 3283 426 3343 malumus
453 3299 521 3341 esse
545 3280 706 3342 bacchium.
748 3279 814 3340 Non
833 3281 957 3358 optimus
974 3284 1020 3334 est
1034 3282 1092 3333 tro·

86 3365 211 3442 chaeus,
230 3366 255 3424 si
270 3365 328 3426 ulla
343 3376 388 3427 est
402 3366 500 3426 ultima
514 3365 628 3435 breuis;
653 3365 730 3444 quod
747 3373 827 3424 certe
844 3364 880 3421 sit
895 3376 1021 3420 necesse
1038 3366 1093 3433 est,

85 3449 193 3527 alioqui
214 3450 359 3528 quomodo
384 3450 515 3528 claudet,
539 3451 587 3530 qui
609 3448 707 3529 placet
721 3448 892 3527 plerisque,
913 3437 1102 3503 dlehoxeus‘h
