<?xml version="1.0" encoding="UTF-8"?>
<!DOCTYPE html PUBLIC "-//W3C//DTD XHTML 1.0 Transitional//EN"
    "http://www.w3.org/TR/xhtml1/DTD/xhtml1-transitional.dtd">
<html xmlns="http://www.w3.org/1999/xhtml" xml:lang="en" lang="en">
 <head>
  <title>
</title>
<meta http-equiv="Content-Type" content="text/html;charset=utf-8" />
  <meta name='ocr-system' content='tesseract 3.04.00' />
  <meta name='ocr-capabilities' content='ocr_page ocr_carea ocr_par ocr_line ocrx_word'/>
</head>
<body>
  <div class='ocr_page' id='page_1' title='image "./mfabiiquintilia08quingoog_0132.png"; bbox 0 0 2408 3854; ppageno 0'>
   <div class='ocr_carea' id='block_1_1' title="bbox 348 181 1069 280">
    <p class='ocr_par' dir='ltr' id='par_1_1' title="bbox 348 181 1069 280">
     <span class='ocr_line' id='line_1_1' title="bbox 348 181 1069 280; baseline 0.003 -18"><span class='ocrx_word' id='word_1_1' title='bbox 348 181 781 280; x_wconf 42' lang='lat' dir='ltr'><strong>msu.onnuou.c1n.1x,&#39;a.</strong></span> <span class='ocrx_word' id='word_1_2' title='bbox 1011 204 1069 267; x_wconf 74' lang='lat'><strong>107</strong></span> 
     </span>
    </p>
   </div>
   <div class='ocr_carea' id='block_1_2' title="bbox 21 369 1130 3558">
    <p class='ocr_par' dir='ltr' id='par_1_2' title="bbox 57 369 1068 619">
     <span class='ocr_line' id='line_1_2' title="bbox 57 369 1068 450; baseline -0.002 -18"><span class='ocrx_word' id='word_1_3' title='bbox 57 380 109 432; x_wconf 86' lang='lat' dir='ltr'><strong>est</strong></span> <span class='ocrx_word' id='word_1_4' title='bbox 123 372 219 447; x_wconf 88' lang='lat' dir='ltr'><strong>etiam,</strong></span> <span class='ocrx_word' id='word_1_5' title='bbox 239 369 385 449; x_wconf 90' lang='lat' dir='ltr'><strong>quomodo</strong></span> <span class='ocrx_word' id='word_1_6' title='bbox 406 380 517 448; x_wconf 85' lang='lat' dir='ltr'><strong>agatur.</strong></span> <span class='ocrx_word' id='word_1_7' title='bbox 555 369 715 430; x_wconf 83' lang='lat' dir='ltr'><strong>Dicendum</strong></span> <span class='ocrx_word' id='word_1_8' title='bbox 737 387 808 447; x_wconf 84' lang='lat' dir='ltr'><strong>ergo</strong></span> <span class='ocrx_word' id='word_1_9' title='bbox 832 371 868 431; x_wconf 91' lang='lat' dir='ltr'><strong>de</strong></span> <span class='ocrx_word' id='word_1_10' title='bbox 889 369 924 429; x_wconf 88' lang='lat' dir='ltr'><strong>iis</strong></span> <span class='ocrx_word' id='word_1_11' title='bbox 940 388 1068 450; x_wconf 84' lang='lat' dir='ltr'><strong>quoquc,</strong></span> 
     </span>
     <span class='ocr_line' id='line_1_3' title="bbox 57 454 1068 535; baseline 0 -20"><span class='ocrx_word' id='word_1_12' title='bbox 57 457 89 515; x_wconf 92' lang='lat' dir='ltr'><strong>in</strong></span> <span class='ocrx_word' id='word_1_13' title='bbox 112 454 215 535; x_wconf 85' lang='lat' dir='ltr'><strong>quibus</strong></span> <span class='ocrx_word' id='word_1_14' title='bbox 238 472 296 513; x_wconf 91' lang='lat' dir='ltr'><strong>uon</strong></span> <span class='ocrx_word' id='word_1_15' title='bbox 316 472 436 532; x_wconf 86' lang='lat' dir='ltr'><strong>asperas</strong></span> <span class='ocrx_word' id='word_1_16' title='bbox 458 454 566 531; x_wconf 80' lang='lat' dir='ltr'><strong>ligurus</strong></span> <span class='ocrx_word' id='word_1_17' title='bbox 586 455 638 515; x_wconf 91' lang='lat' dir='ltr'><strong>sed</strong></span> <span class='ocrx_word' id='word_1_18' title='bbox 659 454 754 533; x_wconf 91' lang='lat' dir='ltr'><strong>palam</strong></span> <span class='ocrx_word' id='word_1_19' title='bbox 782 456 941 513; x_wconf 89' lang='lat' dir='ltr'><strong>contrarias</strong></span> <span class='ocrx_word' id='word_1_20' title='bbox 961 471 1068 515; x_wconf 88' lang='lat' dir='ltr'><strong>causae</strong></span> 
     </span>
     <span class='ocr_line' id='line_1_4' title="bbox 60 536 1068 619; baseline 0 -21"><span class='ocrx_word' id='word_1_21' title='bbox 60 538 196 618; x_wconf 80' lang='lat' dir='ltr'>plerique</span> <span class='ocrx_word' id='word_1_22' title='bbox 223 537 373 598; x_wconf 88' lang='lat' dir='ltr'><strong>iecerunt:</strong></span> <span class='ocrx_word' id='word_1_23' title='bbox 413 536 599 616; x_wconf 79' lang='lat' dir='ltr'><strong>Tyrannidis</strong></span> <span class='ocrx_word' id='word_1_24' title='bbox 626 538 789 619; x_wconf 75' lang='lat' dir='ltr'><strong>affectatae</strong></span> <span class='ocrx_word' id='word_1_25' title='bbox 816 539 982 599; x_wconf 77' lang='lat' dir='ltr'><strong>damnatus</strong></span> <span class='ocrx_word' id='word_1_26' title='bbox 1004 548 1068 600; x_wconf 86' lang='lat' dir='ltr'><strong>tor-</strong></span> 
     </span>
    </p>

    <p class='ocr_par' dir='ltr' id='par_1_3' title="bbox 21 623 1130 3558">
     <span class='ocr_line' id='line_1_5' title="bbox 21 623 1069 702; baseline -0.002 -17"><span class='ocrx_word' id='word_1_27' title='bbox 21 689 23 692; x_wconf 28' lang='lat'><strong>,</strong></span> <span class='ocrx_word' id='word_1_28' title='bbox 56 635 203 702; x_wconf 75' lang='lat' dir='ltr'><strong>occatur,</strong></span> <span class='ocrx_word' id='word_1_29' title='bbox 224 631 257 683; x_wconf 84' lang='lat' dir='ltr'><strong>ut</strong></span> <span class='ocrx_word' id='word_1_30' title='bbox 275 624 414 684; x_wconf 82' lang='lat' dir='ltr'><strong>conscios</strong></span> <span class='ocrx_word' id='word_1_31' title='bbox 440 624 574 691; x_wconf 84' lang='lat' dir='ltr'><strong>iudicet,·</strong></span> <span class='ocrx_word' id='word_1_32' title='bbox 594 630 761 684; x_wconf 79' lang='lat' dir='ltr'><strong>accusator</strong></span> <span class='ocrx_word' id='word_1_33' title='bbox 781 623 848 682; x_wconf 77' lang='grc' dir='ltr'>ιιίιι</span> <span class='ocrx_word' id='word_1_34' title='bbox 869 630 964 700; x_wconf 82' lang='lat' dir='ltr'><strong>optet,</strong></span> <span class='ocrx_word' id='word_1_35' title='bbox 986 625 1069 701; x_wconf 68' lang='lat' dir='ltr'><strong>quood</strong></span> 
     </span>
     <span class='ocr_line' id='line_1_6' title="bbox 59 704 1069 784; baseline -0.001 -17"><span class='ocrx_word' id='word_1_36' title='bbox 59 709 146 770; x_wconf 84' lang='lat' dir='ltr'><strong>colet.</strong></span> <span class='ocrx_word' id='word_1_37' title='bbox 174 704 299 767; x_wconf 83' lang='lat' dir='ltr'><strong>Patrem</strong></span> <span class='ocrx_word' id='word_1_38' title='bbox 314 708 367 784; x_wconf 81' lang='lat' dir='ltr'><strong>qui</strong></span> <span class='ocrx_word' id='word_1_39' title='bbox 381 707 540 766; x_wconf 74' lang='lat' dir='ltr'><strong>damnarat</strong></span> <span class='ocrx_word' id='word_1_40' title='bbox 555 707 742 784; x_wconf 65' lang='lat' dir='ltr'><strong>spectacla</strong></span> <span class='ocrx_word' id='word_1_41' title='bbox 757 713 959 784; x_wconf 59' lang='lat' dir='ltr'><strong>torquentum</strong></span> <span class='ocrx_word' id='word_1_42' title='bbox 977 716 1069 784; x_wconf 83' lang='lat' dir='ltr'><strong>puter</strong></span> 
     </span>
     <span class='ocr_line' id='line_1_7' title="bbox 56 788 1111 869; baseline -0.003 -15"><span class='ocrx_word' id='word_1_43' title='bbox 56 792 90 854; x_wconf 65' lang='grc' dir='ltr'><strong>εἰ</strong></span> <span class='ocrx_word' id='word_1_44' title='bbox 104 791 299 853; x_wconf 72' lang='lat' dir='ltr'><strong>contradicit.</strong></span> <span class='ocrx_word' id='word_1_45' title='bbox 330 788 422 849; x_wconf 88' lang='lat' dir='ltr'><strong>Nemo</strong></span> <span class='ocrx_word' id='word_1_46' title='bbox 437 808 471 849; x_wconf 92' lang='lat' dir='ltr'><strong>se</strong></span> <span class='ocrx_word' id='word_1_47' title='bbox 486 791 577 849; x_wconf 89' lang='lat' dir='ltr'><strong>tenuit</strong></span> <span class='ocrx_word' id='word_1_48' title='bbox 592 808 683 866; x_wconf 80' lang='lat' dir='ltr'><strong>agens</strong></span> <span class='ocrx_word' id='word_1_49' title='bbox 693 805 747 867; x_wconf 87' lang='lat' dir='ltr'><strong>pro</strong></span> <span class='ocrx_word' id='word_1_50' title='bbox 764 799 858 868; x_wconf 88' lang='lat' dir='ltr'><strong>patre,</strong></span> <span class='ocrx_word' id='word_1_51' title='bbox 876 792 945 869; x_wconf 83' lang='lat' dir='ltr'><strong>quin</strong></span> <span class='ocrx_word' id='word_1_52' title='bbox 959 790 1111 868; x_wconf 76' lang='lat' dir='ltr'><strong>figurassst</strong></span> 
     </span>
     <span class='ocr_line' id='line_1_8' title="bbox 56 872 1067 950; baseline -0.003 -15"><span class='ocrx_word' id='word_1_53' title='bbox 56 876 89 935; x_wconf 87' lang='lat' dir='ltr'><strong>in</strong></span> <span class='ocrx_word' id='word_1_54' title='bbox 106 874 194 935; x_wconf 86' lang='lat' dir='ltr'><strong>illium</strong></span> <span class='ocrx_word' id='word_1_55' title='bbox 209 874 339 949; x_wconf 88' lang='lat' dir='ltr'><strong>laceret,</strong></span> <span class='ocrx_word' id='word_1_56' title='bbox 356 883 490 950; x_wconf 80' lang='lat' dir='ltr'>tanquam</span> <span class='ocrx_word' id='word_1_57' title='bbox 504 872 584 934; x_wconf 89' lang='lat' dir='ltr'><strong>illum</strong></span> <span class='ocrx_word' id='word_1_58' title='bbox 600 875 747 934; x_wconf 90' lang='lat' dir='ltr'><strong>conscium</strong></span> <span class='ocrx_word' id='word_1_59' title='bbox 767 875 795 931; x_wconf 91' lang='lat' dir='ltr'><strong>iu</strong></span> <span class='ocrx_word' id='word_1_60' title='bbox 812 876 963 933; x_wconf 87' lang='lat' dir='ltr'><strong>tormentis</strong></span> <span class='ocrx_word' id='word_1_61' title='bbox 977 876 1067 933; x_wconf 92' lang='lat' dir='ltr'><strong>nomi·</strong></span> 
     </span>
     <span class='ocr_line' id='line_1_9' title="bbox 60 953 1066 1035; baseline -0.001 -16"><span class='ocrx_word' id='word_1_62' title='bbox 60 968 188 1019; x_wconf 85' lang='lat' dir='ltr'><strong>naturus.</strong></span> <span class='ocrx_word' id='word_1_63' title='bbox 234 957 299 1030; x_wconf 83' lang='lat' dir='ltr'><strong>Quo</strong></span> <span class='ocrx_word' id='word_1_64' title='bbox 323 956 390 1035; x_wconf 89' lang='lat' dir='ltr'><strong>quid</strong></span> <span class='ocrx_word' id='word_1_65' title='bbox 413 953 548 1016; x_wconf 83' lang='lat' dir='ltr'><strong>stultius?</strong></span> <span class='ocrx_word' id='word_1_66' title='bbox 583 955 655 1016; x_wconf 85' lang='lat' dir='ltr'><strong>Nam</strong></span> <span class='ocrx_word' id='word_1_67' title='bbox 676 975 740 1016; x_wconf 89' lang='lat' dir='ltr'><strong>cum</strong></span> <span class='ocrx_word' id='word_1_68' title='bbox 768 958 826 1017; x_wconf 91' lang='lat' dir='ltr'><strong>hoc</strong></span> <span class='ocrx_word' id='word_1_69' title='bbox 846 958 958 1017; x_wconf 90' lang='lat' dir='ltr'><strong>iudices</strong></span> <span class='ocrx_word' id='word_1_70' title='bbox 982 958 1066 1019; x_wconf 89' lang='lat' dir='ltr'><strong>iutel-</strong></span> 
     </span>
     <span class='ocr_line' id='line_1_10' title="bbox 54 1039 1068 1119; baseline 0 -17"><span class='ocrx_word' id='word_1_71' title='bbox 54 1042 200 1112; x_wconf 83' lang='lat' dir='ltr'><strong>lexcriut:</strong></span> <span class='ocrx_word' id='word_1_72' title='bbox 226 1049 275 1101; x_wconf 92' lang='lat' dir='ltr'><strong>aut</strong></span> <span class='ocrx_word' id='word_1_73' title='bbox 291 1058 348 1101; x_wconf 94' lang='lat' dir='ltr'><strong>nou</strong></span> <span class='ocrx_word' id='word_1_74' title='bbox 364 1039 564 1118; x_wconf 80' lang='lat' dir='ltr'>torquebitur,</span> <span class='ocrx_word' id='word_1_75' title='bbox 587 1059 650 1100; x_wconf 94' lang='lat' dir='ltr'><strong>cum</strong></span> <span class='ocrx_word' id='word_1_76' title='bbox 672 1042 739 1102; x_wconf 92' lang='lat' dir='ltr'><strong>ideo</strong></span> <span class='ocrx_word' id='word_1_77' title='bbox 761 1042 891 1119; x_wconf 80' lang='lat' dir='ltr'><strong>torqueri</strong></span> <span class='ocrx_word' id='word_1_78' title='bbox 908 1041 996 1117; x_wconf 89' lang='lat' dir='ltr'><strong>velit,</strong></span> <span class='ocrx_word' id='word_1_79' title='bbox 1019 1051 1068 1102; x_wconf 90' lang='lat' dir='ltr'><strong>aut</strong></span> 
     </span>
     <span class='ocr_line' id='line_1_11' title="bbox 59 1123 1110 1200; baseline 0.001 -14"><span class='ocrx_word' id='word_1_80' title='bbox 59 1135 138 1188; x_wconf 90' lang='lat' dir='ltr'><strong>torto</strong></span> <span class='ocrx_word' id='word_1_81' title='bbox 153 1142 211 1184; x_wconf 87' lang='lat' dir='ltr'><strong>nou</strong></span> <span class='ocrx_word' id='word_1_82' title='bbox 224 1125 369 1185; x_wconf 89' lang='lat' dir='ltr'><strong>credetur.</strong></span> <span class='ocrx_word' id='word_1_83' title='bbox 404 1124 443 1183; x_wconf 80' lang='lat' dir='ltr'><strong>At</strong></span> <span class='ocrx_word' id='word_1_84' title='bbox 467 1123 608 1185; x_wconf 78' lang='lat' dir='ltr'><strong>credibile</strong></span> <span class='ocrx_word' id='word_1_85' title='bbox 631 1133 692 1200; x_wconf 89' lang='lat' dir='ltr'><strong>est,</strong></span> <span class='ocrx_word' id='word_1_86' title='bbox 716 1123 773 1184; x_wconf 92' lang='lat' dir='ltr'><strong>hoc</strong></span> <span class='ocrx_word' id='word_1_87' title='bbox 792 1143 856 1183; x_wconf 92' lang='lat' dir='ltr'><strong>eum</strong></span> <span class='ocrx_word' id='word_1_88' title='bbox 874 1125 964 1183; x_wconf 86' lang='lat' dir='ltr'><strong>velle.</strong></span> <span class='ocrx_word' id='word_1_89' title='bbox 995 1124 1110 1188; x_wconf 82' lang='lat' dir='ltr'><strong>For-83</strong></span> 
     </span>
     <span class='ocr_line' id='line_1_12' title="bbox 55 1207 1066 1286; baseline -0.002 -16"><span class='ocrx_word' id='word_1_90' title='bbox 55 1219 153 1277; x_wconf 85' lang='lat' dir='ltr'><strong>tasse;</strong></span> <span class='ocrx_word' id='word_1_91' title='bbox 174 1207 336 1269; x_wconf 74' lang='lat' dir='ltr'><strong>dissimulet</strong></span> <span class='ocrx_word' id='word_1_92' title='bbox 353 1226 443 1286; x_wconf 88' lang='lat' dir='ltr'><strong>ergo,</strong></span> <span class='ocrx_word' id='word_1_93' title='bbox 461 1218 492 1268; x_wconf 94' lang='lat' dir='ltr'><strong>ut</strong></span> <span class='ocrx_word' id='word_1_94' title='bbox 508 1208 623 1268; x_wconf 82' lang='lat' dir='ltr'><strong>eliciat.</strong></span> <span class='ocrx_word' id='word_1_95' title='bbox 660 1208 719 1267; x_wconf 86' lang='lat' dir='ltr'><strong>Sed</strong></span> <span class='ocrx_word' id='word_1_96' title='bbox 736 1207 837 1283; x_wconf 83' lang='lat' dir='ltr'><strong>uobis,</strong></span> <span class='ocrx_word' id='word_1_97' title='bbox 864 1208 1066 1268; x_wconf 80' lang='lat' dir='ltr'><strong>declamatori-</strong></span> 
     </span>
     <span class='ocr_line' id='line_1_13' title="bbox 58 1290 1066 1372; baseline -0.003 -18"><span class='ocrx_word' id='word_1_98' title='bbox 58 1294 113 1354; x_wconf 86' lang='lat' dir='ltr'><strong>bus</strong></span> <span class='ocrx_word' id='word_1_99' title='bbox 136 1293 219 1367; x_wconf 90' lang='lat' dir='ltr'><strong>dico,</strong></span> <span class='ocrx_word' id='word_1_100' title='bbox 247 1293 315 1372; x_wconf 91' lang='lat' dir='ltr'><strong>quid</strong></span> <span class='ocrx_word' id='word_1_101' title='bbox 340 1292 470 1371; x_wconf 86' lang='lat' dir='ltr'><strong>proderit</strong></span> <span class='ocrx_word' id='word_1_102' title='bbox 497 1292 554 1352; x_wconf 92' lang='lat' dir='ltr'><strong>hoc</strong></span> <span class='ocrx_word' id='word_1_103' title='bbox 579 1292 778 1366; x_wconf 76' lang='lat' dir='ltr'><strong>intellexisse,</strong></span> <span class='ocrx_word' id='word_1_104' title='bbox 806 1293 860 1351; x_wconf 83' lang='lat' dir='ltr'><strong>uisi</strong></span> <span class='ocrx_word' id='word_1_105' title='bbox 887 1290 1066 1352; x_wconf 76' lang='lat' dir='ltr'><strong>dixerimus?</strong></span> 
     </span>
     <span class='ocr_line' id='line_1_14' title="bbox 58 1374 1065 1455; baseline -0.003 -17"><span class='ocrx_word' id='word_1_106' title='bbox 58 1376 152 1455; x_wconf 74' lang='lat' dir='ltr'><strong>Ergo,</strong></span> <span class='ocrx_word' id='word_1_107' title='bbox 169 1378 193 1435; x_wconf 89' lang='lat' dir='ltr'><strong>si</strong></span> <span class='ocrx_word' id='word_1_108' title='bbox 208 1395 279 1436; x_wconf 91' lang='lat' dir='ltr'><strong>vere</strong></span> <span class='ocrx_word' id='word_1_109' title='bbox 294 1385 440 1454; x_wconf 78' lang='lat' dir='ltr'><strong>ageretur,</strong></span> <span class='ocrx_word' id='word_1_110' title='bbox 457 1375 588 1437; x_wconf 88' lang='lat' dir='ltr'><strong>similiter</strong></span> <span class='ocrx_word' id='word_1_111' title='bbox 604 1375 755 1437; x_wconf 89' lang='lat' dir='ltr'><strong>consilium</strong></span> <span class='ocrx_word' id='word_1_112' title='bbox 771 1376 842 1436; x_wconf 93' lang='lat' dir='ltr'><strong>illud</strong></span> <span class='ocrx_word' id='word_1_113' title='bbox 858 1376 952 1435; x_wconf 83' lang='lat' dir='ltr'><strong>latens</strong></span> <span class='ocrx_word' id='word_1_114' title='bbox 968 1374 1065 1454; x_wconf 90' lang='lat' dir='ltr'><strong>prodi·</strong></span> 
     </span>
     <span class='ocr_line' id='line_1_15' title="bbox 59 1457 1065 1538; baseline -0.001 -17"><span class='ocrx_word' id='word_1_115' title='bbox 59 1458 224 1522; x_wconf 82' lang='lat' dir='ltr'><strong>disscmus?</strong></span> <span class='ocrx_word' id='word_1_116' title='bbox 259 1457 357 1534; x_wconf 78' lang='lat' dir='ltr'><strong>Quid?</strong></span> <span class='ocrx_word' id='word_1_117' title='bbox 372 1462 397 1520; x_wconf 91' lang='lat' dir='ltr'><strong>si</strong></span> <span class='ocrx_word' id='word_1_118' title='bbox 414 1478 508 1537; x_wconf 89' lang='lat' dir='ltr'><strong>neque</strong></span> <span class='ocrx_word' id='word_1_119' title='bbox 524 1462 622 1538; x_wconf 90' lang='lat' dir='ltr'><strong>utique</strong></span> <span class='ocrx_word' id='word_1_120' title='bbox 633 1478 733 1520; x_wconf 89' lang='lat' dir='ltr'><strong>verum</strong></span> <span class='ocrx_word' id='word_1_121' title='bbox 750 1469 805 1536; x_wconf 88' lang='lat' dir='ltr'><strong>est,</strong></span> <span class='ocrx_word' id='word_1_122' title='bbox 822 1469 851 1520; x_wconf 89' lang='lat' dir='ltr'><strong>et</strong></span> <span class='ocrx_word' id='word_1_123' title='bbox 866 1459 977 1520; x_wconf 86' lang='lat' dir='ltr'><strong>habere</strong></span> <span class='ocrx_word' id='word_1_124' title='bbox 993 1460 1065 1520; x_wconf 89' lang='lat' dir='ltr'><strong>alias</strong></span> 
     </span>
     <span class='ocr_line' id='line_1_16' title="bbox 57 1543 1130 1623; baseline -0.002 -17"><span class='ocrx_word' id='word_1_125' title='bbox 57 1545 106 1606; x_wconf 84' lang='lat' dir='ltr'><strong>lnic</strong></span> <span class='ocrx_word' id='word_1_126' title='bbox 127 1545 274 1605; x_wconf 85' lang='lat' dir='ltr'><strong>damnatus</strong></span> <span class='ocrx_word' id='word_1_127' title='bbox 296 1544 511 1605; x_wconf 89' lang='lat' dir='ltr'><strong>contradicendi</strong></span> <span class='ocrx_word' id='word_1_128' title='bbox 531 1562 634 1605; x_wconf 89' lang='lat' dir='ltr'><strong>causas</strong></span> <span class='ocrx_word' id='word_1_129' title='bbox 658 1554 772 1623; x_wconf 89' lang='lat' dir='ltr'><strong>potest,</strong></span> <span class='ocrx_word' id='word_1_130' title='bbox 800 1544 847 1604; x_wconf 91' lang='lat' dir='ltr'><strong>vel</strong></span> <span class='ocrx_word' id='word_1_131' title='bbox 868 1545 947 1622; x_wconf 92' lang='lat' dir='ltr'><strong>quod</strong></span> <span class='ocrx_word' id='word_1_132' title='bbox 967 1544 1065 1622; x_wconf 86' lang='lat' dir='ltr'><strong>legem</strong></span> <span class='ocrx_word' id='word_1_133' title='bbox 1128 1543 1130 1548; x_wconf 81' lang='grc'><strong>’</strong></span> 
     </span>
     <span class='ocr_line' id='line_1_17' title="bbox 56 1627 1063 1706; baseline -0.001 -17"><span class='ocrx_word' id='word_1_134' title='bbox 56 1629 287 1690; x_wconf 88' lang='lat' dir='ltr'><strong>conservandam</strong></span> <span class='ocrx_word' id='word_1_135' title='bbox 301 1637 400 1706; x_wconf 87' lang='lat' dir='ltr'><strong>putet,</strong></span> <span class='ocrx_word' id='word_1_136' title='bbox 421 1628 468 1687; x_wconf 86' lang='lat' dir='ltr'><strong>vel</strong></span> <span class='ocrx_word' id='word_1_137' title='bbox 485 1627 562 1705; x_wconf 86' lang='lat' dir='ltr'><strong>quod</strong></span> <span class='ocrx_word' id='word_1_138' title='bbox 578 1628 650 1688; x_wconf 92' lang='lat' dir='ltr'><strong>nolit</strong></span> <span class='ocrx_word' id='word_1_139' title='bbox 669 1631 833 1692; x_wconf 87' lang='lat' dir='ltr'><strong>accusatori</strong></span> <span class='ocrx_word' id='word_1_140' title='bbox 849 1627 959 1688; x_wconf 86' lang='lat' dir='ltr'><strong>debere</strong></span> <span class='ocrx_word' id='word_1_141' title='bbox 974 1627 1063 1688; x_wconf 88' lang='lat' dir='ltr'><strong>bene·</strong></span> 
     </span>
     <span class='ocr_line' id='line_1_18' title="bbox 57 1711 1092 1792; baseline -0.002 -19"><span class='ocrx_word' id='word_1_142' title='bbox 57 1713 171 1788; x_wconf 86' lang='lat' dir='ltr'><strong>licium,</strong></span> <span class='ocrx_word' id='word_1_143' title='bbox 194 1711 242 1772; x_wconf 87' lang='lat' dir='ltr'><strong>vel</strong></span> <span class='ocrx_word' id='word_1_144' title='bbox 265 1712 359 1790; x_wconf 91' lang='lat' dir='ltr'><strong>(quod</strong></span> <span class='ocrx_word' id='word_1_145' title='bbox 382 1729 440 1789; x_wconf 90' lang='lat' dir='ltr'><strong>ego</strong></span> <span class='ocrx_word' id='word_1_146' title='bbox 456 1713 579 1772; x_wconf 84' lang='lat' dir='ltr'><strong>maxime</strong></span> <span class='ocrx_word' id='word_1_147' title='bbox 595 1714 760 1792; x_wconf 88' lang='lat' dir='ltr'><strong>sequerer)</strong></span> <span class='ocrx_word' id='word_1_148' title='bbox 779 1722 810 1771; x_wconf 91' lang='lat' dir='ltr'><strong>ut</strong></span> <span class='ocrx_word' id='word_1_149' title='bbox 825 1713 1009 1772; x_wconf 89' lang='lat' dir='ltr'><strong>innocentem</strong></span> <span class='ocrx_word' id='word_1_150' title='bbox 1029 1730 1063 1771; x_wconf 93' lang='lat' dir='ltr'><strong>se</strong></span> <span class='ocrx_word' id='word_1_151' title='bbox 1090 1717 1092 1722; x_wconf 87' lang='grc'><strong>’</strong></span> 
     </span>
     <span class='ocr_line' id='line_1_19' title="bbox 58 1792 1107 1878; baseline -0.004 -19"><span class='ocrx_word' id='word_1_152' title='bbox 58 1801 88 1859; x_wconf 89' lang='lat' dir='ltr'><strong>iu</strong></span> <span class='ocrx_word' id='word_1_153' title='bbox 102 1798 253 1859; x_wconf 84' lang='lat' dir='ltr'><strong>tormentis</strong></span> <span class='ocrx_word' id='word_1_154' title='bbox 271 1792 443 1878; x_wconf 79' lang='lat' dir='ltr'><strong>pertendat?</strong></span> <span class='ocrx_word' id='word_1_155' title='bbox 476 1795 574 1868; x_wconf 83' lang='lat' dir='ltr'><strong>Quare</strong></span> <span class='ocrx_word' id='word_1_156' title='bbox 588 1814 626 1855; x_wconf 89' lang='lat' dir='ltr'><strong>ue</strong></span> <span class='ocrx_word' id='word_1_157' title='bbox 643 1795 715 1856; x_wconf 89' lang='lat' dir='ltr'><strong>illud</strong></span> <span class='ocrx_word' id='word_1_158' title='bbox 731 1796 847 1873; x_wconf 90' lang='lat' dir='ltr'><strong>quidem</strong></span> <span class='ocrx_word' id='word_1_159' title='bbox 864 1813 982 1873; x_wconf 87' lang='lat' dir='ltr'><strong>semper</strong></span> <span class='ocrx_word' id='word_1_160' title='bbox 997 1803 1107 1858; x_wconf 75' lang='lat' dir='ltr'><strong>suc-Sl</strong></span> 
     </span>
     <span class='ocr_line' id='line_1_20' title="bbox 59 1875 1063 1956; baseline -0.004 -13"><span class='ocrx_word' id='word_1_161' title='bbox 59 1892 158 1943; x_wconf 90' lang='lat' dir='ltr'><strong>curret</strong></span> <span class='ocrx_word' id='word_1_162' title='bbox 178 1884 222 1942; x_wconf 89' lang='lat' dir='ltr'><strong>sic</strong></span> <span class='ocrx_word' id='word_1_163' title='bbox 242 1882 419 1943; x_wconf 86' lang='lat' dir='ltr'><strong>dicentibus:</strong></span> <span class='ocrx_word' id='word_1_164' title='bbox 443 1875 651 1942; x_wconf 82' lang='lat' dir='ltr'><strong>Patrocinium</strong></span> <span class='ocrx_word' id='word_1_165' title='bbox 672 1881 729 1945; x_wconf 80' lang='lat' dir='ltr'><strong>doc</strong></span> <span class='ocrx_word' id='word_1_166' title='bbox 743 1880 853 1954; x_wconf 83' lang='lat' dir='ltr'><strong>oolut&#39;t,</strong></span> <span class='ocrx_word' id='word_1_167' title='bbox 876 1881 930 1956; x_wconf 82' lang='lat' dir='ltr'><strong>qui</strong></span> <span class='ocrx_word' id='word_1_168' title='bbox 944 1887 1063 1940; x_wconf 83' lang='lat' dir='ltr'><strong>contro·</strong></span> 
     </span>
     <span class='ocr_line' id='line_1_21' title="bbox 57 1960 1061 2044; baseline -0.007 -17"><span class='ocrx_word' id='word_1_169' title='bbox 57 1968 193 2028; x_wconf 66' lang='lat' dir='ltr'><strong>oermcm</strong></span> <span class='ocrx_word' id='word_1_170' title='bbox 212 1967 310 2044; x_wconf 73' lang='lat' dir='ltr'><strong>finxit.</strong></span> <span class='ocrx_word' id='word_1_171' title='bbox 349 1965 488 2026; x_wconf 83' lang='lat' dir='ltr'><strong>Fortasse</strong></span> <span class='ocrx_word' id='word_1_172' title='bbox 510 1965 583 2024; x_wconf 90' lang='lat' dir='ltr'><strong>euim</strong></span> <span class='ocrx_word' id='word_1_173' title='bbox 606 1963 714 2031; x_wconf 88' lang='lat' dir='ltr'><strong>noluit;</strong></span> <span class='ocrx_word' id='word_1_174' title='bbox 741 1962 794 2022; x_wconf 91' lang='lat' dir='ltr'><strong>sed</strong></span> <span class='ocrx_word' id='word_1_175' title='bbox 816 1971 898 2038; x_wconf 90' lang='lat' dir='ltr'><strong>esto,</strong></span> <span class='ocrx_word' id='word_1_176' title='bbox 921 1960 1061 2022; x_wconf 82' lang='lat' dir='ltr'><strong>voluerit:</strong></span> 
     </span>
     <span class='ocr_line' id='line_1_22' title="bbox 57 2045 1061 2125; baseline -0.009 -13"><span class='ocrx_word' id='word_1_177' title='bbox 57 2053 250 2125; x_wconf 80' lang='lat' dir='ltr'><strong>continuone,</strong></span> <span class='ocrx_word' id='word_1_178' title='bbox 275 2053 298 2108; x_wconf 90' lang='lat' dir='ltr'><strong>si</strong></span> <span class='ocrx_word' id='word_1_179' title='bbox 316 2051 365 2110; x_wconf 89' lang='lat' dir='ltr'><strong>ille</strong></span> <span class='ocrx_word' id='word_1_180' title='bbox 385 2049 473 2110; x_wconf 89' lang='lat' dir='ltr'><strong>stulte</strong></span> <span class='ocrx_word' id='word_1_181' title='bbox 491 2049 646 2125; x_wconf 82' lang='lat' dir='ltr'><strong>cogitavit,</strong></span> <span class='ocrx_word' id='word_1_182' title='bbox 668 2045 753 2107; x_wconf 88' lang='lat' dir='ltr'><strong>uobis</strong></span> <span class='ocrx_word' id='word_1_183' title='bbox 775 2064 892 2124; x_wconf 90' lang='lat' dir='ltr'><strong>quoque</strong></span> <span class='ocrx_word' id='word_1_184' title='bbox 911 2045 998 2106; x_wconf 89' lang='lat' dir='ltr'><strong>stulte</strong></span> <span class='ocrx_word' id='word_1_185' title='bbox 1021 2045 1061 2105; x_wconf 94' lang='lat' dir='ltr'><strong>di·</strong></span> 
     </span>
     <span class='ocr_line' id='line_1_23' title="bbox 59 2131 1059 2212; baseline -0.007 -16"><span class='ocrx_word' id='word_1_186' title='bbox 59 2135 180 2196; x_wconf 85' lang='lat' dir='ltr'><strong>cendum</strong></span> <span class='ocrx_word' id='word_1_187' title='bbox 196 2132 261 2194; x_wconf 84' lang='lat' dir='ltr'><strong>esti</strong></span> <span class='ocrx_word' id='word_1_188' title='bbox 290 2135 328 2194; x_wconf 78' lang='lat' dir='ltr'><strong>At</strong></span> <span class='ocrx_word' id='word_1_189' title='bbox 344 2151 402 2212; x_wconf 90' lang='lat' dir='ltr'><strong>ego</strong></span> <span class='ocrx_word' id='word_1_190' title='bbox 423 2135 451 2192; x_wconf 90' lang='lat' dir='ltr'><strong>iu</strong></span> <span class='ocrx_word' id='word_1_191' title='bbox 467 2134 561 2192; x_wconf 91' lang='lat' dir='ltr'><strong>causis</strong></span> <span class='ocrx_word' id='word_1_192' title='bbox 578 2131 698 2210; x_wconf 80' lang='lat' dir='ltr'><strong>agendis</strong></span> <span class='ocrx_word' id='word_1_193' title='bbox 721 2132 891 2209; x_wconf 83' lang='lat' dir='ltr'><strong>frequenter</strong></span> <span class='ocrx_word' id='word_1_194' title='bbox 913 2148 970 2189; x_wconf 95' lang='lat' dir='ltr'><strong>non</strong></span> <span class='ocrx_word' id='word_1_195' title='bbox 988 2138 1059 2208; x_wconf 90' lang='lat' dir='ltr'><strong>puto</strong></span> 
     </span>
     <span class='ocr_line' id='line_1_24' title="bbox 58 2214 1106 2297; baseline 0 -19"><span class='ocrx_word' id='word_1_196' title='bbox 58 2219 238 2294; x_wconf 88' lang='lat' dir='ltr'><strong>intuendum,</strong></span> <span class='ocrx_word' id='word_1_197' title='bbox 262 2218 329 2297; x_wconf 89' lang='lat' dir='ltr'><strong>quid</strong></span> <span class='ocrx_word' id='word_1_198' title='bbox 349 2219 477 2296; x_wconf 85' lang='lat' dir='ltr'><strong>litigator</strong></span> <span class='ocrx_word' id='word_1_199' title='bbox 498 2217 578 2277; x_wconf 88' lang='lat' dir='ltr'><strong>velit.</strong></span> <span class='ocrx_word' id='word_1_200' title='bbox 617 2215 671 2276; x_wconf 86' lang='lat' dir='ltr'><strong>Est</strong></span> <span class='ocrx_word' id='word_1_201' title='bbox 697 2225 726 2274; x_wconf 91' lang='lat' dir='ltr'><strong>et</strong></span> <span class='ocrx_word' id='word_1_202' title='bbox 747 2215 798 2276; x_wconf 90' lang='lat' dir='ltr'><strong>ille</strong></span> <span class='ocrx_word' id='word_1_203' title='bbox 819 2217 848 2274; x_wconf 96' lang='lat' dir='ltr'><strong>in</strong></span> <span class='ocrx_word' id='word_1_204' title='bbox 868 2214 925 2275; x_wconf 92' lang='lat' dir='ltr'><strong>hoc</strong></span> <span class='ocrx_word' id='word_1_205' title='bbox 950 2231 1061 2292; x_wconf 90' lang='lat' dir='ltr'><strong>genere</strong></span> <span class='ocrx_word' id='word_1_206' title='bbox 1071 2223 1106 2277; x_wconf 79' lang='lat'><strong>85</strong></span> 
     </span>
     <span class='ocr_line' id='line_1_25' title="bbox 57 2297 1059 2381; baseline -0.005 -18"><span class='ocrx_word' id='word_1_207' title='bbox 57 2303 197 2381; x_wconf 88' lang='lat' dir='ltr'><strong>irequeus</strong></span> <span class='ocrx_word' id='word_1_208' title='bbox 214 2319 307 2378; x_wconf 88' lang='lat' dir='ltr'><strong>error,</strong></span> <span class='ocrx_word' id='word_1_209' title='bbox 323 2312 353 2361; x_wconf 92' lang='lat' dir='ltr'><strong>ut</strong></span> <span class='ocrx_word' id='word_1_210' title='bbox 369 2311 469 2380; x_wconf 88' lang='lat' dir='ltr'><strong>putent</strong></span> <span class='ocrx_word' id='word_1_211' title='bbox 485 2300 562 2361; x_wconf 88' lang='lat' dir='ltr'><strong>aliud</strong></span> <span class='ocrx_word' id='word_1_212' title='bbox 584 2301 724 2380; x_wconf 88' lang='lat' dir='ltr'><strong>quosdam</strong></span> <span class='ocrx_word' id='word_1_213' title='bbox 749 2300 848 2360; x_wconf 91' lang='lat' dir='ltr'><strong>dicere</strong></span> <span class='ocrx_word' id='word_1_214' title='bbox 869 2299 946 2359; x_wconf 88' lang='lat' dir='ltr'><strong>aliud</strong></span> <span class='ocrx_word' id='word_1_215' title='bbox 968 2297 1059 2373; x_wconf 88' lang='lat' dir='ltr'><strong>velle,</strong></span> 
     </span>
     <span class='ocr_line' id='line_1_26' title="bbox 57 2382 1060 2465; baseline -0.005 -19"><span class='ocrx_word' id='word_1_216' title='bbox 57 2389 218 2465; x_wconf 82' lang='lat' dir='ltr'><strong>praecipue</strong></span> <span class='ocrx_word' id='word_1_217' title='bbox 233 2404 296 2446; x_wconf 89' lang='lat' dir='ltr'><strong>curn</strong></span> <span class='ocrx_word' id='word_1_218' title='bbox 311 2388 339 2445; x_wconf 94' lang='lat' dir='ltr'><strong>in</strong></span> <span class='ocrx_word' id='word_1_219' title='bbox 356 2386 481 2446; x_wconf 88' lang='lat' dir='ltr'><strong>themate</strong></span> <span class='ocrx_word' id='word_1_220' title='bbox 504 2395 566 2460; x_wconf 83' lang='lat' dir='ltr'><strong>est,</strong></span> <span class='ocrx_word' id='word_1_221' title='bbox 588 2386 729 2465; x_wconf 87' lang='lat' dir='ltr'><strong>aliquem,</strong></span> <span class='ocrx_word' id='word_1_222' title='bbox 749 2393 780 2444; x_wconf 91' lang='lat' dir='ltr'><strong>ut</strong></span> <span class='ocrx_word' id='word_1_223' title='bbox 798 2382 853 2443; x_wconf 89' lang='lat' dir='ltr'><strong>sibi</strong></span> <span class='ocrx_word' id='word_1_224' title='bbox 875 2384 948 2442; x_wconf 93' lang='lat' dir='ltr'><strong>mori</strong></span> <span class='ocrx_word' id='word_1_225' title='bbox 962 2382 1060 2458; x_wconf 89' lang='lat' dir='ltr'><strong>liceat,</strong></span> 
     </span>
     <span class='ocr_line' id='line_1_27' title="bbox 57 2466 1063 2550; baseline -0.004 -19"><span class='ocrx_word' id='word_1_226' title='bbox 57 2470 224 2550; x_wconf 81' lang='lat' dir='ltr'><strong>postulare:</strong></span> <span class='ocrx_word' id='word_1_227' title='bbox 245 2480 276 2529; x_wconf 92' lang='lat' dir='ltr'><strong>ut</strong></span> <span class='ocrx_word' id='word_1_228' title='bbox 297 2472 325 2528; x_wconf 93' lang='lat' dir='ltr'><strong>in</strong></span> <span class='ocrx_word' id='word_1_229' title='bbox 351 2471 401 2530; x_wconf 92' lang='lat' dir='ltr'><strong>illa</strong></span> <span class='ocrx_word' id='word_1_230' title='bbox 424 2471 641 2544; x_wconf 82' lang='lat' dir='ltr'><strong>controversia,</strong></span> <span class='ocrx_word' id='word_1_231' title='bbox 671 2467 731 2543; x_wconf 77' lang='lat' dir='ltr'><strong>Qut</strong></span> <span class='ocrx_word' id='word_1_232' title='bbox 751 2468 920 2546; x_wconf 82' lang='lat' dir='ltr'><strong>aliquando</strong></span> <span class='ocrx_word' id='word_1_233' title='bbox 939 2466 1063 2544; x_wconf 77' lang='lat' dir='ltr'><strong>fortiter</strong></span> 
     </span>
     <span class='ocr_line' id='line_1_28' title="bbox 55 2551 1061 2635; baseline -0.008 -19"><span class='ocrx_word' id='word_1_234' title='bbox 55 2557 194 2635; x_wconf 85' lang='lat' dir='ltr'><strong>fecerat,</strong></span> <span class='ocrx_word' id='word_1_235' title='bbox 216 2563 244 2615; x_wconf 88' lang='lat' dir='ltr'><strong>et</strong></span> <span class='ocrx_word' id='word_1_236' title='bbox 265 2556 326 2616; x_wconf 85' lang='lat' dir='ltr'><strong>alio</strong></span> <span class='ocrx_word' id='word_1_237' title='bbox 346 2553 423 2616; x_wconf 83' lang='lat' dir='ltr'><strong>bello</strong></span> <span class='ocrx_word' id='word_1_238' title='bbox 443 2555 591 2632; x_wconf 81' lang='lat' dir='ltr'><strong>petierat,</strong></span> <span class='ocrx_word' id='word_1_239' title='bbox 615 2563 648 2614; x_wconf 84' lang='lat' dir='ltr'><strong>ut</strong></span> <span class='ocrx_word' id='word_1_240' title='bbox 662 2554 771 2612; x_wconf 79' lang='lat' dir='ltr'><strong>militia</strong></span> <span class='ocrx_word' id='word_1_241' title='bbox 785 2559 916 2613; x_wconf 77' lang='lat' dir='ltr'><strong>vocaret</strong></span> <span class='ocrx_word' id='word_1_242' title='bbox 930 2568 971 2610; x_wconf 79' lang='lat' dir='ltr'><strong>ec</strong></span> <span class='ocrx_word' id='word_1_243' title='bbox 984 2551 1061 2627; x_wconf 72' lang='lat' dir='ltr'><strong>lege,</strong></span> 
     </span>
     <span class='ocr_line' id='line_1_29' title="bbox 56 2634 1062 2718; baseline -0.008 -18"><span class='ocrx_word' id='word_1_244' title='bbox 56 2640 142 2718; x_wconf 79' lang='lat' dir='ltr'><strong>quod</strong></span> <span class='ocrx_word' id='word_1_245' title='bbox 156 2639 441 2718; x_wconf 60' lang='lat' dir='ltr'><strong>quinquagenarius</strong></span> <span class='ocrx_word' id='word_1_246' title='bbox 456 2647 535 2698; x_wconf 82' lang='lat' dir='ltr'><strong>esset</strong></span> <span class='ocrx_word' id='word_1_247' title='bbox 542 2681 552 2713; x_wconf 91' lang='lat'><strong>,</strong></span> <span class='ocrx_word' id='word_1_248' title='bbox 573 2639 760 2697; x_wconf 81' lang='lat' dir='ltr'><strong>adversante</strong></span> <span class='ocrx_word' id='word_1_249' title='bbox 773 2636 836 2714; x_wconf 72' lang='lat' dir='ltr'><strong>filio</strong></span> <span class='ocrx_word' id='word_1_250' title='bbox 849 2636 898 2694; x_wconf 79' lang='lat' dir='ltr'><strong>irc</strong></span> <span class='ocrx_word' id='word_1_251' title='bbox 913 2635 946 2692; x_wconf 81' lang='lat' dir='ltr'><strong>ia</strong></span> <span class='ocrx_word' id='word_1_252' title='bbox 962 2634 1062 2693; x_wconf 80' lang='lat' dir='ltr'><strong>aciem</strong></span> 
     </span>
     <span class='ocr_line' id='line_1_30' title="bbox 56 2716 1061 2799; baseline -0.009 -15"><span class='ocrx_word' id='word_1_253' title='bbox 56 2733 186 2784; x_wconf 80' lang='lat' dir='ltr'><strong>coactus</strong></span> <span class='ocrx_word' id='word_1_254' title='bbox 201 2724 347 2785; x_wconf 84' lang='lat' dir='ltr'><strong>descruit.</strong></span> <span class='ocrx_word' id='word_1_255' title='bbox 385 2721 500 2797; x_wconf 71' lang='lat' dir='ltr'><strong>ntum,</strong></span> <span class='ocrx_word' id='word_1_256' title='bbox 524 2723 576 2798; x_wconf 81' lang='lat' dir='ltr'><strong>qui</strong></span> <span class='ocrx_word' id='word_1_257' title='bbox 592 2721 714 2799; x_wconf 75' lang='lat' dir='ltr'><strong>sortiter</strong></span> <span class='ocrx_word' id='word_1_258' title='bbox 727 2721 833 2780; x_wconf 84' lang='lat' dir='ltr'><strong>eodem</strong></span> <span class='ocrx_word' id='word_1_259' title='bbox 848 2716 966 2796; x_wconf 77' lang='lat' dir='ltr'><strong>proelio</strong></span> <span class='ocrx_word' id='word_1_260' title='bbox 979 2717 1061 2795; x_wconf 83' lang='lat' dir='ltr'><strong>secc-</strong></span> 
     </span>
     <span class='ocr_line' id='line_1_31' title="bbox 57 2795 1060 2882; baseline -0.005 -16"><span class='ocrx_word' id='word_1_261' title='bbox 57 2815 125 2882; x_wconf 85' lang='lat' dir='ltr'><strong>rat,</strong></span> <span class='ocrx_word' id='word_1_262' title='bbox 146 2808 382 2868; x_wconf 81' lang='lat' dir='ltr'><strong>incolumitatem</strong></span> <span class='ocrx_word' id='word_1_263' title='bbox 409 2805 475 2865; x_wconf 65' lang='lat' dir='ltr'><strong>mus</strong></span> <span class='ocrx_word' id='word_1_264' title='bbox 503 2813 605 2882; x_wconf 59' lang='lat' dir='ltr'><strong>uptam</strong></span> <span class='ocrx_word' id='word_1_265' title='bbox 634 2803 820 2866; x_wconf 81' lang='lat' dir='ltr'><strong>contradicit</strong></span> <span class='ocrx_word' id='word_1_266' title='bbox 842 2810 944 2880; x_wconf 82' lang='lat' dir='ltr'><strong>poter.</strong></span> <span class='ocrx_word' id='word_1_267' title='bbox 994 2795 1060 2861; x_wconf 83' lang='lat' dir='ltr'><strong>Noa</strong></span> 
     </span>
     <span class='ocr_line' id='line_1_32' title="bbox 56 2882 1105 2968; baseline -0.007 -15"><span class='ocrx_word' id='word_1_268' title='bbox 56 2893 149 2966; x_wconf 75' lang='lat' dir='ltr'><strong>enim,</strong></span> <span class='ocrx_word' id='word_1_269' title='bbox 166 2891 304 2968; x_wconf 88' lang='lat' dir='ltr'><strong>inquiunt,</strong></span> <span class='ocrx_word' id='word_1_270' title='bbox 320 2891 397 2950; x_wconf 75' lang='lat' dir='ltr'><strong>mori</strong></span> <span class='ocrx_word' id='word_1_271' title='bbox 406 2890 470 2950; x_wconf 78' lang='lat' dir='ltr'><strong>ottlt</strong></span> <span class='ocrx_word' id='word_1_272' title='bbox 480 2890 537 2949; x_wconf 82' lang='lat' dir='ltr'><strong>sed</strong></span> <span class='ocrx_word' id='word_1_273' title='bbox 546 2889 693 2948; x_wconf 82' lang='lat' dir='ltr'><strong>inuidiam</strong></span> <span class='ocrx_word' id='word_1_274' title='bbox 703 2886 765 2964; x_wconf 78' lang='lat' dir='ltr'><strong>filio</strong></span> <span class='ocrx_word' id='word_1_275' title='bbox 777 2886 895 2964; x_wconf 75' lang='lat' dir='ltr'><strong>facere.</strong></span> <span class='ocrx_word' id='word_1_276' title='bbox 921 2882 1105 2963; x_wconf 77' lang='lat' dir='ltr'><strong>Equidemssii</strong></span> 
     </span>
     <span class='ocr_line' id='line_1_33' title="bbox 57 2968 1060 3052; baseline -0.01 -17"><span class='ocrx_word' id='word_1_277' title='bbox 57 2975 157 3050; x_wconf 83' lang='lat' dir='ltr'><strong>rideo,</strong></span> <span class='ocrx_word' id='word_1_278' title='bbox 175 2974 252 3052; x_wconf 89' lang='lat' dir='ltr'><strong>quod</strong></span> <span class='ocrx_word' id='word_1_279' title='bbox 267 2975 309 3034; x_wconf 92' lang='lat' dir='ltr'><strong>illi</strong></span> <span class='ocrx_word' id='word_1_280' title='bbox 324 2976 368 3034; x_wconf 88' lang='lat' dir='ltr'><strong>sic</strong></span> <span class='ocrx_word' id='word_1_281' title='bbox 383 2977 482 3032; x_wconf 88' lang='lat' dir='ltr'><strong>timent</strong></span> <span class='ocrx_word' id='word_1_282' title='bbox 497 2981 630 3049; x_wconf 89' lang='lat' dir='ltr'><strong>tauquam</strong></span> <span class='ocrx_word' id='word_1_283' title='bbox 651 2972 706 3048; x_wconf 87' lang='lat' dir='ltr'><strong>ipsi</strong></span> <span class='ocrx_word' id='word_1_284' title='bbox 723 2970 852 3030; x_wconf 91' lang='lat' dir='ltr'><strong>morituri</strong></span> <span class='ocrx_word' id='word_1_285' title='bbox 876 2978 905 3029; x_wconf 93' lang='lat' dir='ltr'><strong>et</strong></span> <span class='ocrx_word' id='word_1_286' title='bbox 922 2970 950 3028; x_wconf 91' lang='lat' dir='ltr'><strong>in</strong></span> <span class='ocrx_word' id='word_1_287' title='bbox 966 2968 1060 3027; x_wconf 89' lang='lat' dir='ltr'><strong>consi·</strong></span> 
     </span>
     <span class='ocr_line' id='line_1_34' title="bbox 58 3051 1060 3132; baseline -0.01 -13"><span class='ocrx_word' id='word_1_288' title='bbox 58 3059 128 3119; x_wconf 90' lang='lat' dir='ltr'><strong>lium</strong></span> <span class='ocrx_word' id='word_1_289' title='bbox 143 3075 213 3118; x_wconf 92' lang='lat' dir='ltr'><strong>suos</strong></span> <span class='ocrx_word' id='word_1_290' title='bbox 231 3068 324 3119; x_wconf 90' lang='lat' dir='ltr'><strong>metus</strong></span> <span class='ocrx_word' id='word_1_291' title='bbox 340 3059 451 3132; x_wconf 89' lang='lat' dir='ltr'><strong>ierunt,</strong></span> <span class='ocrx_word' id='word_1_292' title='bbox 478 3054 561 3116; x_wconf 90' lang='lat' dir='ltr'><strong>obliti</strong></span> <span class='ocrx_word' id='word_1_293' title='bbox 579 3059 623 3115; x_wconf 90' lang='lat' dir='ltr'><strong>tot</strong></span> <span class='ocrx_word' id='word_1_294' title='bbox 644 3054 845 3132; x_wconf 88' lang='lat' dir='ltr'><strong>exemplorum</strong></span> <span class='ocrx_word' id='word_1_295' title='bbox 866 3054 944 3113; x_wconf 88' lang='lat' dir='ltr'><strong>circa</strong></span> <span class='ocrx_word' id='word_1_296' title='bbox 958 3051 1060 3111; x_wconf 85' lang='lat' dir='ltr'><strong>voluu-</strong></span> 
     </span>
     <span class='ocr_line' id='line_1_35' title="bbox 59 3135 1059 3219; baseline -0.011 -15"><span class='ocrx_word' id='word_1_297' title='bbox 59 3146 160 3204; x_wconf 83' lang='lat' dir='ltr'><strong>taniam</strong></span> <span class='ocrx_word' id='word_1_298' title='bbox 175 3152 312 3219; x_wconf 90' lang='lat' dir='ltr'><strong>mortem,</strong></span> <span class='ocrx_word' id='word_1_299' title='bbox 329 3159 479 3203; x_wconf 87' lang='lat' dir='ltr'><strong>causarum</strong></span> <span class='ocrx_word' id='word_1_300' title='bbox 494 3157 627 3219; x_wconf 84' lang='lat' dir='ltr'><strong>quoque,</strong></span> <span class='ocrx_word' id='word_1_301' title='bbox 645 3155 717 3217; x_wconf 85' lang='lat' dir='ltr'><strong>quas</strong></span> <span class='ocrx_word' id='word_1_302' title='bbox 732 3137 819 3198; x_wconf 86' lang='lat' dir='ltr'><strong>habet</strong></span> <span class='ocrx_word' id='word_1_303' title='bbox 832 3138 926 3198; x_wconf 86' lang='lat' dir='ltr'><strong>factus</strong></span> <span class='ocrx_word' id='word_1_304' title='bbox 943 3153 980 3194; x_wconf 88' lang='lat' dir='ltr'><strong>ex</strong></span> <span class='ocrx_word' id='word_1_305' title='bbox 996 3135 1059 3194; x_wconf 85' lang='lat' dir='ltr'><strong>viro</strong></span> 
     </span>
     <span class='ocr_line' id='line_1_36' title="bbox 59 3219 1104 3301; baseline -0.008 -11"><span class='ocrx_word' id='word_1_306' title='bbox 59 3229 128 3290; x_wconf 86' lang='lat' dir='ltr'><strong>lorti</strong></span> <span class='ocrx_word' id='word_1_307' title='bbox 151 3227 295 3286; x_wconf 90' lang='lat' dir='ltr'><strong>desertor.</strong></span> <span class='ocrx_word' id='word_1_308' title='bbox 341 3227 400 3287; x_wconf 91' lang='lat' dir='ltr'><strong>Sed</strong></span> <span class='ocrx_word' id='word_1_309' title='bbox 425 3226 455 3285; x_wconf 92' lang='lat' dir='ltr'><strong>in</strong></span> <span class='ocrx_word' id='word_1_310' title='bbox 480 3243 535 3285; x_wconf 92' lang='lat' dir='ltr'><strong>uua</strong></span> <span class='ocrx_word' id='word_1_311' title='bbox 556 3225 756 3285; x_wconf 87' lang='lat' dir='ltr'><strong>controversia</strong></span> <span class='ocrx_word' id='word_1_312' title='bbox 778 3223 862 3301; x_wconf 85' lang='lat' dir='ltr'><strong>sequi</strong></span> <span class='ocrx_word' id='word_1_313' title='bbox 887 3219 1104 3281; x_wconf 73' lang='lat' dir='ltr'><strong>contrariums&#39;l</strong></span> 
     </span>
     <span class='ocr_line' id='line_1_37' title="bbox 60 3305 1060 3391; baseline -0.014 -19"><span class='ocrx_word' id='word_1_314' title='bbox 60 3328 273 3391; x_wconf 89' lang='lat' dir='ltr'><strong>supervacuum</strong></span> <span class='ocrx_word' id='word_1_315' title='bbox 294 3319 348 3369; x_wconf 88' lang='lat' dir='ltr'><strong>est.</strong></span> <span class='ocrx_word' id='word_1_316' title='bbox 388 3308 453 3387; x_wconf 86' lang='lat' dir='ltr'><strong>Ego</strong></span> <span class='ocrx_word' id='word_1_317' title='bbox 480 3311 509 3368; x_wconf 89' lang='lat' dir='ltr'><strong>in</strong></span> <span class='ocrx_word' id='word_1_318' title='bbox 530 3309 695 3368; x_wconf 86' lang='lat' dir='ltr'><strong>universum</strong></span> <span class='ocrx_word' id='word_1_319' title='bbox 720 3324 816 3387; x_wconf 87' lang='lat' dir='ltr'><strong>neque</strong></span> <span class='ocrx_word' id='word_1_320' title='bbox 838 3305 977 3389; x_wconf 29' lang='lat' dir='ltr'><strong>oratoris·</strong></span> <span class='ocrx_word' id='word_1_321' title='bbox 990 3309 1060 3379; x_wconf 87' lang='lat' dir='ltr'><strong>puto</strong></span> 
     </span>
     <span class='ocr_line' id='line_1_38' title="bbox 60 3388 1061 3472; baseline -0.014 -16"><span class='ocrx_word' id='word_1_322' title='bbox 60 3414 130 3456; x_wconf 88' lang='lat' dir='ltr'><strong>esse</strong></span> <span class='ocrx_word' id='word_1_323' title='bbox 146 3411 270 3472; x_wconf 86' lang='lat' dir='ltr'><strong>unquam</strong></span> <span class='ocrx_word' id='word_1_324' title='bbox 285 3394 490 3472; x_wconf 83' lang='lat' dir='ltr'><strong>praevaricari,</strong></span> <span class='ocrx_word' id='word_1_325' title='bbox 506 3411 602 3471; x_wconf 91' lang='lat' dir='ltr'><strong>neque</strong></span> <span class='ocrx_word' id='word_1_326' title='bbox 621 3390 700 3451; x_wconf 92' lang='lat' dir='ltr'><strong>litem</strong></span> <span class='ocrx_word' id='word_1_327' title='bbox 718 3390 862 3467; x_wconf 81' lang='lat' dir='ltr'><strong>intelligo,</strong></span> <span class='ocrx_word' id='word_1_328' title='bbox 877 3388 905 3445; x_wconf 92' lang='lat' dir='ltr'><strong>in</strong></span> <span class='ocrx_word' id='word_1_329' title='bbox 922 3403 978 3464; x_wconf 84' lang='lat' dir='ltr'><strong>qua</strong></span> <span class='ocrx_word' id='word_1_330' title='bbox 992 3401 1061 3462; x_wconf 83' lang='lat' dir='ltr'><strong>pars</strong></span> 
     </span>
     <span class='ocr_line' id='line_1_39' title="bbox 62 3468 1062 3558; baseline -0.014 -19"><span class='ocrx_word' id='word_1_331' title='bbox 62 3488 185 3558; x_wconf 83' lang='lat' dir='ltr'><strong>utraque</strong></span> <span class='ocrx_word' id='word_1_332' title='bbox 207 3477 283 3537; x_wconf 89' lang='lat' dir='ltr'><strong>idem</strong></span> <span class='ocrx_word' id='word_1_333' title='bbox 303 3476 394 3552; x_wconf 88' lang='lat' dir='ltr'><strong>velit,</strong></span> <span class='ocrx_word' id='word_1_334' title='bbox 413 3494 509 3556; x_wconf 85' lang='lat' dir='ltr'><strong>neque</strong></span> <span class='ocrx_word' id='word_1_335' title='bbox 530 3486 587 3536; x_wconf 88' lang='lat' dir='ltr'><strong>tam</strong></span> <span class='ocrx_word' id='word_1_336' title='bbox 607 3475 724 3535; x_wconf 88' lang='lat' dir='ltr'><strong>stultum</strong></span> <span class='ocrx_word' id='word_1_337' title='bbox 740 3489 926 3552; x_wconf 84' lang='lat' dir='ltr'><strong>quemquam,</strong></span> <span class='ocrx_word' id='word_1_338' title='bbox 950 3471 1014 3546; x_wconf 81' lang='lat' dir='ltr'><strong>qui,</strong></span> <span class='ocrx_word' id='word_1_339' title='bbox 1037 3468 1062 3526; x_wconf 89' lang='lat' dir='ltr'><strong>si</strong></span> 
     </span>
    </p>
   </div>
   <div class='ocr_carea' id='block_1_3' title="bbox 0 0 1211 3854">
    <p class='ocr_par' dir='ltr' id='par_1_4' title="bbox 0 0 1211 3854">
     <span class='ocr_line' id='line_1_40' title="bbox 0 0 1211 3854; baseline 0 0"><span class='ocrx_word' id='word_1_340' title='bbox 0 0 1211 3854; x_wconf 95' lang='lat' dir='ltr'><strong> </strong></span> 
     </span>
    </p>
   </div>
  </div>
 </body>
</html>
