2376 3840
318 233 408 281 1usr.
422 231 572 282 onnaon.
585 231 655 281 ms.
669 232 717 294 ru,
728 230 755 282 a.
1017 221 1060 282 99

53 389 166 467 ltalia,
190 393 218 451 ci
239 392 335 452 omnio
357 408 409 451 rec
425 388 554 469 publico
570 389 616 448 tio
630 389 793 465 loquatur:
813 387 853 448 tl.
874 387 967 465 Toto,
984 392 1061 468 qnid

55 479 146 557 opio?
175 475 249 536 lllud
264 473 401 534 audacius
413 490 522 550 genus:
548 468 756 549 (indalecium,
774 471 918 550 Catilina,
934 476 981 535 cic
996 476 1061 554 opit

55 573 84 625 ct
101 561 324 640 quodammodo
337 559 434 618 tacito
448 557 601 634 loquitur:
624 553 746 617 Notium
762 560 825 617 iam
840 559 956 634 aliquot
970 560 1061 618 atonis

52 647 180 726 [ocinus
194 644 293 704 extitit
305 643 366 702 nisi
374 660 435 720 per
449 650 487 702 te.
516 637 674 700 Commode
690 642 774 701 etiam
791 650 839 700 aut
853 642 936 701 nobis
949 642 1103 720 aliquanao

56 727 242 790 ante‘oculos
258 744 325 785 esse
341 744 453 800 rerum,
472 741 677 800 personarum,
696 741 800 784 vocum
821 727 960 803 imagines
980 727 1060 804 lingi-

55 833 128 889 mus,
145 821 194 871 aut
210 811 311 870 eadem
328 810 502 869 adversariis
519 817 567 867 aut
588 806 731 868 iudicibus
753 826 812 868 non
828 809 962 870 accidere
978 813 1060 869 mira·

55 916 131 956 mur:
150 895 245 974 qualia
263 904 328 953 sunt
350 893 476 954 Videtur·
491 893 574 968 milti,
591 901 621 950 et
636 889 743 954 Nonne
756 895 881 954 videtur
895 896 949 955 tibi
954 895 969 952 ‘l
1002 895 1060 954 Sed

55 979 158 1058 magna
174 979 313 1057 quaedam
333 979 376 1037 vis
392 976 578 1056 eloquentiae
601 975 791 1037 desideratur.
832 976 919 1038 Falsa
939 979 1013 1037 enim
1033 989 1062 1038 et

56 1062 236 1125 incredibilia
249 1072 350 1123 natura
368 1078 493 1121 necesse
510 1069 615 1121 estant
630 1063 722 1138 magis
737 1071 881 1137 moveant,
896 1063 961 1138 quia
974 1080 1061 1140 supra

55 1168 125 1208 vera
148 1157 227 1215 sunt;
256 1156 304 1205 aut
326 1162 379 1225 pro
400 1145 481 1204 vanis
501 1146 696 1223 accipiantur,
723 1147 789 1224 quia
811 1163 881 1205 vera
905 1162 962 1204 non
985 1156 1060 1205 sunt.

54 1233 93 1294 Ut
108 1233 184 1293 dicta
200 1241 295 1291 autern
310 1230 450 1308 quaedam
465 1230 505 1289 ita
521 1230 630 1307 scripta
642 1245 759 1306 quoque
777 1229 846 1307 fingi
858 1229 967 1307 solent,
983 1230 1104 1310 quodid

56 1318 125 1378 iacit
141 1316 258 1375 Asinius
274 1331 327 1394 pro
343 1313 491 1373 Liburnia:
514 1311 616 1373 lloter
637 1331 723 1388 mco,
746 1330 827 1391 quoe
840 1314 913 1375 mili
926 1323 989 1376 tum
1006 1334 1062 1377 co·

55 1403 180 1463 tissima
202 1409 264 1460 tom
285 1401 464 1479 dulcissimo
483 1399 559 1476 soit,
593 1414 734 1476 quaeque
759 1399 833 1459 ntibi
858 1400 935 1460 vicit
956 1399 1062 1476 bisque

55 1487 161 1548 codem
173 1487 224 1548 dic
234 1486 327 1545 oitom
340 1484 425 1544 dedit
440 1490 469 1541 et
480 1481 606 1559 reliqua:
620 1481 723 1540 deinde
736 1483 866 1544 emtores
881 1491 953 1547 octo.
982 1482 1063 1542 Haec

57 1589 121 1631 cum
138 1588 192 1649 per
212 1586 245 1627 se
261 1568 352 1644 figura
372 1576 418 1626 est
433 1575 491 1625 tum
507 1565 685 1644 duplicatur,
708 1567 842 1644 quotiens
866 1568 941 1627 sicat
961 1568 990 1626 in
1007 1567 1063 1627 hac

57 1672 143 1715 causa
164 1653 199 1713 ad
220 1653 406 1711 imitationem
426 1649 545 1711 alterius
571 1651 734 1728 scripturae
756 1653 948 1731 componitur.
990 1651 1104 1715 Names

59 1747 157 1798 contra
187 1735 364 1796 recitabatur
385 1743 602 1795 testamentum:
630 1732 664 1794 P.
687 1732 846 1796 Novanius
868 1734 984 1810 Gallio,
1012 1737 1064 1797 cni
1154 1766 1158 1772 =

58 1840 111 1902 eqo
125 1824 227 1883 ararnio
240 1821 432 1881 meritissimo
446 1821 513 1880 oolo
530 1827 558 1878 et
573 1819 669 1879 debeo
690 1836 749 1896 pro
764 1821 831 1880 ciue
851 1821 947 1880 animi
964 1821 998 1880 in
1015 1839 1063 1880 mc

57 1924 174 1968 sommo
194 1907 366 1981 actoritate,
399 1913 428 1963 et
458 1903 579 1963 adiectis
601 1901 740 1981 deinceps
766 1903 848 1979 aliis,
877 1904 967 1965 iterat
989 1912 1061 1966 esto.

56 1988 158 2068 Incipit
170 2007 237 2049 esse
253 1986 462 2066 quodammodo
474 1979 610 2070 παρῳδή,
627 1986 705 2064 quod
715 2003 820 2047 nomen
835 1987 951 2047 ductum
967 2005 982 2046 a
996 2005 1062 2047 can·

57 2076 121 2134 ticis
149 2074 185 2134 ad
214 2073 335 2132 aliorum
361 2070 572 2131 similitudinem
595 2070 748 2137 modulatis
772 2072 892 2132 abusive
924 2073 1009 2132 etiarn
1034 2072 1062 2129 in

58 2157 280 2218 versificationis
296 2174 330 2217 ac
346 2173 510 2216 sermonum
532 2156 689 2216 imitatione
705 2167 848 2217 servatur.
879 2157 938 2216 Sed
953 2156 1104 2222 formatae

57 2259 172 2320 quoque
188 2242 320 2318 fingimus
336 2259 442 2318 saepe,
464 2249 493 2299 ut
512 2237 628 2299 Famam
642 2238 807 2318 Vergilius,
830 2251 860 2300 ut
875 2239 1062 2319 Voluptatem

57 2345 90 2386 ac
104 2325 246 2386 Virtutem
261 2323 515 2402 (quemadmodum
527 2342 542 2383 a
553 2322 748 2402 Xenophonte
760 2326 896 2404 traditur)
909 2324 1062 2400 Prodicus,

57 2420 86 2470 ut
100 2408 223 2470 blortem
238 2427 273 2468 ac
290 2409 402 2483 Vitam,
426 2426 497 2488 quas
514 2408 723 2484 contendentes
739 2410 768 2469 in
783 2411 887 2470 Satura
903 2409 989 2471 tradit
1004 2407 1061 2468 En·

56 2495 128 2553 nius.
161 2492 215 2552 Est
230 2503 259 2553 et
275 2495 402 2553 incertae
421 2510 565 2572 personae
583 2493 648 2553 licta
667 2495 776 2553 oratio:
802 2492 861 2554 llio
874 2493 998 2572 aliquis,
1019 2502 1058 2568 et,
1070 2504 1103 2560 at

55 2576 148 2639 Dicat
164 2579 288 2655 aliquit.
319 2576 373 2636 Est
394 2587 423 2638 et
437 2579 528 2637 iactus
544 2579 607 2637 sine
624 2594 751 2654 persona
770 2596 885 2637 sermo·

109 2661 167 2724 llic
181 2660 330 2740 Dolopum
343 2680 465 2737 manns,
489 2662 539 2722 liic
559 2679 672 2723 coccus
689 2661 833 2724 tendebat
846 2660 990 2724 Achilles.

56 2747 141 2821 Quod
163 2747 194 2805 lit
214 2747 335 2806 mixtura
351 2746 521 2822 figurarum,
537 2763 600 2805 curn
617 2748 842 2830 mpooomoarotiq
863 2745 978 2806 accedit
997 2745 1058 2821 illa,

56 2849 129 2909 quae
158 2840 203 2889 est
229 2831 366 2890 orationis
392 2847 446 2908 per
466 2830 689 2898 detractionem
715 2831 873 2891 detractum
902 2838 948 2889 est
974 2830 1059 2905 enim,

57 2917 119 2993 quis
135 2915 256 2974 diceret.
287 2913 418 2973 Vertitur
433 2913 545 2972 interim
559 2918 783 2995 προσωποποιΐα
804 2917 832 2972 in
848 2915 978 2992 speciem
995 2931 1059 2972 nar·

56 2997 145 3058 randi.
176 2997 259 3058 Unde
280 2998 355 3077 apud
370 2997 526 3058 historicos
543 2999 726 3076 reperiuntur
748 2996 886 3076 obliquae
908 2998 1061 3058 allocutio·

55 3102 124 3143 nes:
140 3091 171 3142 ut
188 3083 216 3140 in
231 3081 264 3141 T.
280 3080 351 3141 Livii
367 3083 459 3161 primo
478 3083 573 3143 statim
596 3079 695 3144 Urbes
712 3099 832 3161 quoquc
850 3092 884 3143 ot
902 3091 1006 3146 cetero
1022 3100 1062 3149 eac

55 3169 155 3246 infimo
168 3167 278 3237 nosci·
299 3168 427 3243 deinde,
449 3182 529 3245 quoe
543 3186 603 3230 ooo
617 3167 715 3228 virtue
734 3186 774 3228 oc
789 3166 834 3228 dii
848 3167 971 3242 iuvent,
994 3185 1060 3224 mo·

54 3270 133 3330 qnos
150 3270 224 3330 opes
238 3251 298 3312 tibi
311 3267 515 3330 moqnomquc
529 3268 636 3312 nomen
649 3250 768 3330 [acere.

90 3359 96 3372 ·
140 3336 312 3396 Aversus
343 3351 460 3413 quoque
495 3352 511 3394 a
540 3333 663 3394 iudice
694 3352 838 3409 sermo,
878 3334 926 3411 qui
958 3331 1103 3396 dlciturna

56 3411 245 3501 ἀποστροφή,
267 3421 470 3494 admnonet,
494 3420 555 3478 sive
579 3417 763 3478 adversarios
780 3417 955 3477 invadimus:
978 3413 1063 3486 Quid

56 3503 301 3580 comtemnite,
328 3501 462 3580 Tubero,
486 3503 518 3566 in
533 3503 603 3568 acie
618 3500 829 3568 Pharsalical
854 3501 925 3646 s'ppp
941 3497 1086 3557 abim-
