<?xml version="1.0" encoding="UTF-8"?>
<!DOCTYPE html PUBLIC "-//W3C//DTD XHTML 1.0 Transitional//EN"
    "http://www.w3.org/TR/xhtml1/DTD/xhtml1-transitional.dtd">
<html xmlns="http://www.w3.org/1999/xhtml" xml:lang="en" lang="en">
 <head>
  <title>
</title>
<meta http-equiv="Content-Type" content="text/html;charset=utf-8" />
  <meta name='ocr-system' content='tesseract 3.04.00' />
  <meta name='ocr-capabilities' content='ocr_page ocr_carea ocr_par ocr_line ocrx_word'/>
</head>
<body>
  <div class='ocr_page' id='page_1' title='image "./mfabiiquintilia08quingoog_0220.png"; bbox 0 0 2408 3854; ppageno 0'>
   <div class='ocr_carea' id='block_1_1' title="bbox 342 144 1081 231">
    <p class='ocr_par' dir='ltr' id='par_1_1' title="bbox 342 144 1081 231">
     <span class='ocr_line' id='line_1_1' title="bbox 342 144 1081 231; baseline 0.004 -21"><span class='ocrx_word' id='word_1_1' title='bbox 342 164 431 213; x_wconf 85' lang='lat' dir='ltr'>rnsr</span> <span class='ocrx_word' id='word_1_2' title='bbox 446 144 1081 231; x_wconf 76' lang='lat' dir='ltr'>ounrounrn.xr,1.195</span> 
     </span>
    </p>
   </div>
   <div class='ocr_carea' id='block_1_2' title="bbox 73 318 1177 3072">
    <p class='ocr_par' dir='ltr' id='par_1_2' title="bbox 73 318 1123 819">
     <span class='ocr_line' id='line_1_2' title="bbox 74 318 1082 401; baseline -0.005 -17"><span class='ocrx_word' id='word_1_3' title='bbox 74 340 180 401; x_wconf 89' lang='lat' dir='ltr'>raque,</span> <span class='ocrx_word' id='word_1_4' title='bbox 207 337 282 400; x_wconf 93' lang='lat' dir='ltr'>quae</span> <span class='ocrx_word' id='word_1_5' title='bbox 307 327 407 378; x_wconf 89' lang='lat' dir='ltr'>natura</span> <span class='ocrx_word' id='word_1_6' title='bbox 431 335 488 376; x_wconf 95' lang='lat' dir='ltr'>non</span> <span class='ocrx_word' id='word_1_7' title='bbox 511 327 576 378; x_wconf 91' lang='lat' dir='ltr'>sunt</span> <span class='ocrx_word' id='word_1_8' title='bbox 595 318 838 397; x_wconf 89' lang='lat' dir='ltr'>reprehendenda</span> <span class='ocrx_word' id='word_1_9' title='bbox 859 328 946 399; x_wconf 86' lang='lat' dir='ltr'>atque</span> <span class='ocrx_word' id='word_1_10' title='bbox 969 322 1082 380; x_wconf 90' lang='lat' dir='ltr'>interim</span> 
     </span>
     <span class='ocr_line' id='line_1_3' title="bbox 74 400 1079 482; baseline -0.004 -16"><span class='ocrx_word' id='word_1_11' title='bbox 74 417 139 466; x_wconf 88' lang='lat' dir='ltr'>sunt</span> <span class='ocrx_word' id='word_1_12' title='bbox 153 403 337 478; x_wconf 89' lang='lat' dir='ltr'>neccssaria,</span> <span class='ocrx_word' id='word_1_13' title='bbox 354 400 423 460; x_wconf 85' lang='lat' dir='ltr'>alilri</span> <span class='ocrx_word' id='word_1_14' title='bbox 440 418 523 479; x_wconf 92' lang='lat' dir='ltr'>quarn</span> <span class='ocrx_word' id='word_1_15' title='bbox 540 418 603 461; x_wconf 92' lang='lat' dir='ltr'>mos</span> <span class='ocrx_word' id='word_1_16' title='bbox 620 404 785 481; x_wconf 79' lang='lat' dir='ltr'>permiserit</span> <span class='ocrx_word' id='word_1_17' title='bbox 802 407 896 482; x_wconf 92' lang='lat' dir='ltr'>turpia</span> <span class='ocrx_word' id='word_1_18' title='bbox 911 403 1079 464; x_wconf 74' lang='lat' dir='ltr'><strong>habeantur</strong></span> 
     </span>
     <span class='ocr_line' id='line_1_4' title="bbox 73 486 1123 564; baseline -0.002 -14"><span class='ocrx_word' id='word_1_19' title='bbox 73 491 171 554; x_wconf 94' lang='lat' dir='ltr'>lllud</span> <span class='ocrx_word' id='word_1_20' title='bbox 163 507 218 549; x_wconf 89' lang='lat' dir='ltr'>ram</span> <span class='ocrx_word' id='word_1_21' title='bbox 234 486 373 559; x_wconf 81' lang='lat' dir='ltr'>diximus,</span> <span class='ocrx_word' id='word_1_22' title='bbox 400 494 506 564; x_wconf 87' lang='lat' dir='ltr'>quanto</span> <span class='ocrx_word' id='word_1_23' title='bbox 529 486 595 564; x_wconf 93' lang='lat' dir='ltr'>plus</span> <span class='ocrx_word' id='word_1_24' title='bbox 619 487 721 545; x_wconf 90' lang='lat' dir='ltr'>nitoris</span> <span class='ocrx_word' id='word_1_25' title='bbox 743 495 772 545; x_wconf 92' lang='lat' dir='ltr'>et</span> <span class='ocrx_word' id='word_1_26' title='bbox 792 486 886 546; x_wconf 91' lang='lat' dir='ltr'>cultus</span> <span class='ocrx_word' id='word_1_27' title='bbox 903 487 1080 547; x_wconf 87' lang='lat' dir='ltr'>demonstra·</span> <span class='ocrx_word' id='word_1_28' title='bbox 1089 496 1123 550; x_wconf 74' lang='lat'>48</span> 
     </span>
     <span class='ocr_line' id='line_1_5' title="bbox 74 567 1080 649; baseline -0.005 -15"><span class='ocrx_word' id='word_1_29' title='bbox 74 577 150 634; x_wconf 85' lang='lat' dir='ltr'>tirae</span> <span class='ocrx_word' id='word_1_30' title='bbox 172 572 328 645; x_wconf 88' lang='lat' dir='ltr'>materiae,</span> <span class='ocrx_word' id='word_1_31' title='bbox 353 577 383 627; x_wconf 91' lang='lat' dir='ltr'>ut</span> <span class='ocrx_word' id='word_1_32' title='bbox 406 568 442 627; x_wconf 92' lang='lat' dir='ltr'>ad</span> <span class='ocrx_word' id='word_1_33' title='bbox 460 567 683 629; x_wconf 77' lang='lat' dir='ltr'>delectationem</span> <span class='ocrx_word' id='word_1_34' title='bbox 699 568 872 629; x_wconf 89' lang='lat' dir='ltr'>audientium</span> <span class='ocrx_word' id='word_1_35' title='bbox 889 572 1080 649; x_wconf 91' lang='lat' dir='ltr'>compositae,</span> 
     </span>
     <span class='ocr_line' id='line_1_6' title="bbox 75 653 1081 736; baseline -0.006 -19"><span class='ocrx_word' id='word_1_36' title='bbox 75 676 169 736; x_wconf 86' lang='lat' dir='ltr'>quam,</span> <span class='ocrx_word' id='word_1_37' title='bbox 189 672 263 733; x_wconf 92' lang='lat' dir='ltr'>quae</span> <span class='ocrx_word' id='word_1_38' title='bbox 282 653 392 712; x_wconf 88' lang='lat' dir='ltr'>suntin</span> <span class='ocrx_word' id='word_1_39' title='bbox 407 660 473 710; x_wconf 90' lang='lat' dir='ltr'>actu</span> <span class='ocrx_word' id='word_1_40' title='bbox 493 660 521 710; x_wconf 91' lang='lat' dir='ltr'>et</span> <span class='ocrx_word' id='word_1_41' title='bbox 537 655 734 726; x_wconf 83' lang='lat' dir='ltr'>contentione,</span> <span class='ocrx_word' id='word_1_42' title='bbox 751 655 901 714; x_wconf 81' lang='lat' dir='ltr'>suasoriae</span> <span class='ocrx_word' id='word_1_43' title='bbox 917 653 1081 715; x_wconf 90' lang='lat' dir='ltr'>iudiciales-</span> 
     </span>
     <span class='ocr_line' id='line_1_7' title="bbox 74 739 324 819; baseline -0.021 -19"><span class='ocrx_word' id='word_1_44' title='bbox 74 759 131 819; x_wconf 86' lang='lat' dir='ltr'>que</span> <span class='ocrx_word' id='word_1_45' title='bbox 149 739 324 819; x_wconf 86' lang='lat' dir='ltr'>permittant.</span> 
     </span>
    </p>

    <p class='ocr_par' dir='ltr' id='par_1_3' title="bbox 74 785 1177 3072">
     <span class='ocr_line' id='line_1_8' title="bbox 159 785 1082 918; baseline -0.004 -36"><span class='ocrx_word' id='word_1_46' title='bbox 159 822 223 882; x_wconf 89' lang='lat' dir='ltr'>Hoc</span> <span class='ocrx_word' id='word_1_47' title='bbox 239 819 333 880; x_wconf 86' lang='lat' dir='ltr'>adhuc</span> <span class='ocrx_word' id='word_1_48' title='bbox 349 818 554 918; x_wconf 72' lang='lat' dir='ltr'>adiiciendum,</span> <span class='ocrx_word' id='word_1_49' title='bbox 571 819 682 897; x_wconf 92' lang='lat' dir='ltr'>aliquas</span> <span class='ocrx_word' id='word_1_50' title='bbox 700 823 801 896; x_wconf 91' lang='lat' dir='ltr'>etiarn,</span> <span class='ocrx_word' id='word_1_51' title='bbox 826 785 900 899; x_wconf 89' lang='lat' dir='ltr'>quae</span> <span class='ocrx_word' id='word_1_52' title='bbox 916 829 981 881; x_wconf 94' lang='lat' dir='ltr'>sunt</span> <span class='ocrx_word' id='word_1_53' title='bbox 997 837 1082 897; x_wconf 81' lang='lat' dir='ltr'>egre·</span> 
     </span>
     <span class='ocr_line' id='line_1_9' title="bbox 74 903 1082 1002; baseline -0.005 -35"><span class='ocrx_word' id='word_1_54' title='bbox 74 911 140 985; x_wconf 85' lang='lat' dir='ltr'>giae</span> <span class='ocrx_word' id='word_1_55' title='bbox 157 905 272 966; x_wconf 88' lang='lat' dir='ltr'>dicendi</span> <span class='ocrx_word' id='word_1_56' title='bbox 286 905 419 1002; x_wconf 71' lang='lat' dir='ltr'>virtutes,</span> <span class='ocrx_word' id='word_1_57' title='bbox 437 904 601 980; x_wconf 91' lang='lat' dir='ltr'>quominus</span> <span class='ocrx_word' id='word_1_58' title='bbox 618 903 751 980; x_wconf 88' lang='lat' dir='ltr'>deceant,</span> <span class='ocrx_word' id='word_1_59' title='bbox 770 905 847 964; x_wconf 86' lang='lat' dir='ltr'>ellici</span> <span class='ocrx_word' id='word_1_60' title='bbox 861 904 1082 965; x_wconf 90' lang='lat' dir='ltr'>condicione</span> 
     </span>
     <span class='ocr_line' id='line_1_10' title="bbox 76 986 1126 1067; baseline -0.001 -16"><span class='ocrx_word' id='word_1_61' title='bbox 76 1007 274 1051; x_wconf 86' lang='lat' dir='ltr'>causarum.</span> <span class='ocrx_word' id='word_1_62' title='bbox 305 986 351 1046; x_wconf 82' lang='lat' dir='ltr'>An</span> <span class='ocrx_word' id='word_1_63' title='bbox 367 988 517 1066; x_wconf 90' lang='lat' dir='ltr'>quisquam</span> <span class='ocrx_word' id='word_1_64' title='bbox 533 987 631 1046; x_wconf 89' lang='lat' dir='ltr'>tulerit</span> <span class='ocrx_word' id='word_1_65' title='bbox 645 1005 726 1047; x_wconf 89' lang='lat' dir='ltr'>reum</span> <span class='ocrx_word' id='word_1_66' title='bbox 740 990 769 1046; x_wconf 93' lang='lat' dir='ltr'>in</span> <span class='ocrx_word' id='word_1_67' title='bbox 784 989 949 1048; x_wconf 85' lang='lat' dir='ltr'>discrimine</span> <span class='ocrx_word' id='word_1_68' title='bbox 967 990 1080 1067; x_wconf 89' lang='lat' dir='ltr'>capitis,</span> <span class='ocrx_word' id='word_1_69' title='bbox 1090 997 1126 1052; x_wconf 81' lang='lat'>49</span> 
     </span>
     <span class='ocr_line' id='line_1_11' title="bbox 75 1070 1082 1153; baseline -0.002 -21"><span class='ocrx_word' id='word_1_70' title='bbox 75 1072 336 1153; x_wconf 90' lang='lat' dir='ltr'>praecipueque-si</span> <span class='ocrx_word' id='word_1_71' title='bbox 356 1070 432 1149; x_wconf 93' lang='lat' dir='ltr'>apud</span> <span class='ocrx_word' id='word_1_72' title='bbox 447 1072 589 1130; x_wconf 89' lang='lat' dir='ltr'>victorem</span> <span class='ocrx_word' id='word_1_73' title='bbox 607 1079 635 1130; x_wconf 92' lang='lat' dir='ltr'>et</span> <span class='ocrx_word' id='word_1_74' title='bbox 656 1072 816 1150; x_wconf 85' lang='lat' dir='ltr'>principem</span> <span class='ocrx_word' id='word_1_75' title='bbox 838 1090 892 1150; x_wconf 89' lang='lat' dir='ltr'>pro</span> <span class='ocrx_word' id='word_1_76' title='bbox 910 1074 1023 1149; x_wconf 90' lang='lat' dir='ltr'>seipse</span> <span class='ocrx_word' id='word_1_77' title='bbox 1042 1072 1082 1131; x_wconf 94' lang='lat' dir='ltr'>di-</span> 
     </span>
     <span class='ocr_line' id='line_1_12' title="bbox 75 1155 1083 1235; baseline -0.005 -17"><span class='ocrx_word' id='word_1_78' title='bbox 75 1167 135 1232; x_wconf 89' lang='lat' dir='ltr'>cat,</span> <span class='ocrx_word' id='word_1_79' title='bbox 163 1155 307 1235; x_wconf 89' lang='lat' dir='ltr'>irequenti</span> <span class='ocrx_word' id='word_1_80' title='bbox 328 1155 533 1229; x_wconf 90' lang='lat' dir='ltr'>translatione,</span> <span class='ocrx_word' id='word_1_81' title='bbox 562 1155 636 1214; x_wconf 91' lang='lat' dir='ltr'>lictis</span> <span class='ocrx_word' id='word_1_82' title='bbox 658 1164 706 1214; x_wconf 87' lang='lat' dir='ltr'>aut</span> <span class='ocrx_word' id='word_1_83' title='bbox 725 1156 858 1233; x_wconf 88' lang='lat' dir='ltr'>repetitis</span> <span class='ocrx_word' id='word_1_84' title='bbox 880 1174 917 1215; x_wconf 86' lang='lat' dir='ltr'>ex</span> <span class='ocrx_word' id='word_1_85' title='bbox 938 1163 1083 1214; x_wconf 89' lang='lat' dir='ltr'>vetustate</span> 
     </span>
     <span class='ocr_line' id='line_1_13' title="bbox 74 1240 1082 1318; baseline -0.004 -18"><span class='ocrx_word' id='word_1_86' title='bbox 74 1240 187 1316; x_wconf 89' lang='lat' dir='ltr'>verbis,</span> <span class='ocrx_word' id='word_1_87' title='bbox 211 1240 422 1317; x_wconf 89' lang='lat' dir='ltr'>compositione</span> <span class='ocrx_word' id='word_1_88' title='bbox 442 1257 517 1318; x_wconf 91' lang='lat' dir='ltr'>quae</span> <span class='ocrx_word' id='word_1_89' title='bbox 535 1240 571 1297; x_wconf 93' lang='lat' dir='ltr'>sit</span> <span class='ocrx_word' id='word_1_90' title='bbox 586 1240 708 1299; x_wconf 85' lang='lat' dir='ltr'>maxime</span> <span class='ocrx_word' id='word_1_91' title='bbox 727 1258 742 1298; x_wconf 94' lang='lat' dir='ltr'>a</span> <span class='ocrx_word' id='word_1_92' title='bbox 757 1240 871 1316; x_wconf 81' lang='lat' dir='ltr'>vulgari</span> <span class='ocrx_word' id='word_1_93' title='bbox 887 1258 942 1298; x_wconf 89' lang='lat' dir='ltr'>usu</span> <span class='ocrx_word' id='word_1_94' title='bbox 960 1246 1082 1313; x_wconf 88' lang='lat' dir='ltr'>remota,</span> 
     </span>
     <span class='ocr_line' id='line_1_14' title="bbox 74 1321 1083 1402; baseline -0.004 -17"><span class='ocrx_word' id='word_1_95' title='bbox 74 1323 294 1395; x_wconf 75' lang='lat' dir='ltr'>decurrentibus</span> <span class='ocrx_word' id='word_1_96' title='bbox 311 1321 457 1400; x_wconf 86' lang='lat' dir='ltr'>periodis,</span> <span class='ocrx_word' id='word_1_97' title='bbox 482 1340 567 1402; x_wconf 92' lang='lat' dir='ltr'>quarn</span> <span class='ocrx_word' id='word_1_98' title='bbox 588 1323 753 1384; x_wconf 87' lang='lat' dir='ltr'>laetissimis</span> <span class='ocrx_word' id='word_1_99' title='bbox 776 1323 849 1383; x_wconf 91' lang='lat' dir='ltr'>locis</span> <span class='ocrx_word' id='word_1_100' title='bbox 872 1324 1083 1401; x_wconf 89' lang='lat' dir='ltr'>sententiisque</span> 
     </span>
     <span class='ocr_line' id='line_1_15' title="bbox 76 1403 1084 1487; baseline -0.003 -20"><span class='ocrx_word' id='word_1_101' title='bbox 76 1403 240 1468; x_wconf 80' lang='lat' dir='ltr'>dicentem?</span> <span class='ocrx_word' id='word_1_102' title='bbox 271 1405 337 1465; x_wconf 88' lang='lat' dir='ltr'>Non</span> <span class='ocrx_word' id='word_1_103' title='bbox 353 1406 474 1483; x_wconf 90' lang='lat' dir='ltr'>perdant</span> <span class='ocrx_word' id='word_1_104' title='bbox 497 1406 571 1466; x_wconf 87' lang='lat' dir='ltr'>haec</span> <span class='ocrx_word' id='word_1_105' title='bbox 587 1409 680 1467; x_wconf 90' lang='lat' dir='ltr'>omnia</span> <span class='ocrx_word' id='word_1_106' title='bbox 696 1409 893 1468; x_wconf 87' lang='lat' dir='ltr'>necessarium</span> <span class='ocrx_word' id='word_1_107' title='bbox 908 1405 1084 1487; x_wconf 89' lang='lat' dir='ltr'>periclitanti</span> 
     </span>
     <span class='ocr_line' id='line_1_16' title="bbox 75 1489 1083 1568; baseline -0.002 -18"><span class='ocrx_word' id='word_1_108' title='bbox 75 1490 277 1551; x_wconf 88' lang='lat' dir='ltr'>sollicitudinis</span> <span class='ocrx_word' id='word_1_109' title='bbox 293 1489 433 1564; x_wconf 89' lang='lat' dir='ltr'>colorem,</span> <span class='ocrx_word' id='word_1_110' title='bbox 450 1490 663 1568; x_wconf 89' lang='lat' dir='ltr'>petendumque</span> <span class='ocrx_word' id='word_1_111' title='bbox 679 1493 765 1552; x_wconf 91' lang='lat' dir='ltr'>etiam</span> <span class='ocrx_word' id='word_1_112' title='bbox 779 1491 980 1551; x_wconf 89' lang='lat' dir='ltr'>innocentibus</span> <span class='ocrx_word' id='word_1_113' title='bbox 997 1491 1083 1548; x_wconf 91' lang='lat' dir='ltr'>mise·</span> 
     </span>
     <span class='ocr_line' id='line_1_17' title="bbox 76 1570 1127 1653; baseline -0.003 -20"><span class='ocrx_word' id='word_1_114' title='bbox 76 1574 218 1634; x_wconf 89' lang='lat' dir='ltr'>ricordiae</span> <span class='ocrx_word' id='word_1_115' title='bbox 237 1573 395 1632; x_wconf 75' lang='lat' dir='ltr'>auxilium?</span> <span class='ocrx_word' id='word_1_116' title='bbox 427 1570 688 1633; x_wconf 80' lang='lat' dir='ltr'>Commoveaturne</span> <span class='ocrx_word' id='word_1_117' title='bbox 708 1577 859 1653; x_wconf 88' lang='lat' dir='ltr'>quisquam</span> <span class='ocrx_word' id='word_1_118' title='bbox 876 1577 939 1634; x_wconf 92' lang='lat' dir='ltr'>eius</span> <span class='ocrx_word' id='word_1_119' title='bbox 957 1575 1127 1643; x_wconf 82' lang='lat' dir='ltr'>fortunu,50</span> 
     </span>
     <span class='ocr_line' id='line_1_18' title="bbox 76 1656 1145 1737; baseline 0 -21"><span class='ocrx_word' id='word_1_120' title='bbox 76 1676 160 1737; x_wconf 91' lang='lat' dir='ltr'>quem</span> <span class='ocrx_word' id='word_1_121' title='bbox 176 1657 311 1716; x_wconf 88' lang='lat' dir='ltr'>tumidum</span> <span class='ocrx_word' id='word_1_122' title='bbox 326 1674 361 1716; x_wconf 92' lang='lat' dir='ltr'>ac</span> <span class='ocrx_word' id='word_1_123' title='bbox 377 1656 421 1714; x_wconf 89' lang='lat' dir='ltr'>sui</span> <span class='ocrx_word' id='word_1_124' title='bbox 436 1657 589 1716; x_wconf 92' lang='lat' dir='ltr'>iactantem</span> <span class='ocrx_word' id='word_1_125' title='bbox 605 1665 634 1716; x_wconf 91' lang='lat' dir='ltr'>et</span> <span class='ocrx_word' id='word_1_126' title='bbox 649 1656 830 1732; x_wconf 89' lang='lat' dir='ltr'>ambitiosum</span> <span class='ocrx_word' id='word_1_127' title='bbox 844 1659 1005 1717; x_wconf 87' lang='lat' dir='ltr'>institorem</span> <span class='ocrx_word' id='word_1_128' title='bbox 1022 1657 1083 1716; x_wconf 90' lang='lat' dir='ltr'>elo·</span> <span class='ocrx_word' id='word_1_129' title='bbox 1144 1673 1145 1676; x_wconf 69' lang='grc'>’</span> 
     </span>
     <span class='ocr_line' id='line_1_19' title="bbox 77 1737 1084 1818; baseline -0.003 -17"><span class='ocrx_word' id='word_1_130' title='bbox 77 1743 211 1818; x_wconf 89' lang='lat' dir='ltr'>quentiae</span> <span class='ocrx_word' id='word_1_131' title='bbox 235 1741 264 1799; x_wconf 96' lang='lat' dir='ltr'>in</span> <span class='ocrx_word' id='word_1_132' title='bbox 288 1739 405 1817; x_wconf 89' lang='lat' dir='ltr'>ancipiti</span> <span class='ocrx_word' id='word_1_133' title='bbox 429 1748 509 1799; x_wconf 90' lang='lat' dir='ltr'>sorte</span> <span class='ocrx_word' id='word_1_134' title='bbox 535 1737 652 1799; x_wconf 83' lang='lat' dir='ltr'>videat?</span> <span class='ocrx_word' id='word_1_135' title='bbox 687 1738 752 1799; x_wconf 89' lang='lat' dir='ltr'>Non</span> <span class='ocrx_word' id='word_1_136' title='bbox 777 1743 862 1799; x_wconf 90' lang='lat' dir='ltr'>immo</span> <span class='ocrx_word' id='word_1_137' title='bbox 885 1740 979 1800; x_wconf 90' lang='lat' dir='ltr'>oderit</span> <span class='ocrx_word' id='word_1_138' title='bbox 1003 1757 1084 1811; x_wconf 90' lang='lat' dir='ltr'>reum</span> 
     </span>
     <span class='ocr_line' id='line_1_20' title="bbox 75 1822 1084 1901; baseline -0.002 -18"><span class='ocrx_word' id='word_1_139' title='bbox 75 1824 166 1883; x_wconf 87' lang='lat' dir='ltr'>verba</span> <span class='ocrx_word' id='word_1_140' title='bbox 191 1831 381 1899; x_wconf 90' lang='lat' dir='ltr'>aucupantem</span> <span class='ocrx_word' id='word_1_141' title='bbox 404 1830 433 1881; x_wconf 92' lang='lat' dir='ltr'>et</span> <span class='ocrx_word' id='word_1_142' title='bbox 453 1825 566 1883; x_wconf 85' lang='lat' dir='ltr'>anxium</span> <span class='ocrx_word' id='word_1_143' title='bbox 589 1822 625 1882; x_wconf 89' lang='lat' dir='ltr'>de</span> <span class='ocrx_word' id='word_1_144' title='bbox 647 1823 722 1883; x_wconf 87' lang='lat' dir='ltr'>lama</span> <span class='ocrx_word' id='word_1_145' title='bbox 745 1825 868 1901; x_wconf 86' lang='lat' dir='ltr'>ingenii,</span> <span class='ocrx_word' id='word_1_146' title='bbox 894 1833 924 1882; x_wconf 92' lang='lat' dir='ltr'>et</span> <span class='ocrx_word' id='word_1_147' title='bbox 945 1824 991 1882; x_wconf 93' lang='lat' dir='ltr'>cni</span> <span class='ocrx_word' id='word_1_148' title='bbox 1015 1840 1084 1882; x_wconf 92' lang='lat' dir='ltr'>esse</span> 
     </span>
     <span class='ocr_line' id='line_1_21' title="bbox 76 1902 1125 1981; baseline -0.002 -15"><span class='ocrx_word' id='word_1_149' title='bbox 76 1908 185 1966; x_wconf 89' lang='lat' dir='ltr'>diserto</span> <span class='ocrx_word' id='word_1_150' title='bbox 202 1904 309 1965; x_wconf 78' lang='lat' dir='ltr'>vacet?</span> <span class='ocrx_word' id='word_1_151' title='bbox 342 1904 427 1979; x_wconf 81' lang='lat' dir='ltr'>Quod</span> <span class='ocrx_word' id='word_1_152' title='bbox 447 1908 518 1965; x_wconf 89' lang='lat' dir='ltr'>mire</span> <span class='ocrx_word' id='word_1_153' title='bbox 538 1905 576 1964; x_wconf 88' lang='lat' dir='ltr'>ll.</span> <span class='ocrx_word' id='word_1_154' title='bbox 596 1902 713 1965; x_wconf 78' lang='lat' dir='ltr'>Caelius</span> <span class='ocrx_word' id='word_1_155' title='bbox 728 1909 756 1966; x_wconf 91' lang='lat' dir='ltr'>in</span> <span class='ocrx_word' id='word_1_156' title='bbox 775 1907 947 1966; x_wconf 82' lang='lat' dir='ltr'>defensione</span> <span class='ocrx_word' id='word_1_157' title='bbox 966 1923 1083 1981; x_wconf 90' lang='lat' dir='ltr'>causae,</span> <span class='ocrx_word' id='word_1_158' title='bbox 1092 1911 1125 1964; x_wconf 81' lang='lat'>⁵1</span> 
     </span>
     <span class='ocr_line' id='line_1_22' title="bbox 76 1987 1086 2068; baseline 0 -19"><span class='ocrx_word' id='word_1_159' title='bbox 76 2008 132 2068; x_wconf 93' lang='lat' dir='ltr'>qua</span> <span class='ocrx_word' id='word_1_160' title='bbox 155 2008 222 2049; x_wconf 90' lang='lat' dir='ltr'>reus</span> <span class='ocrx_word' id='word_1_161' title='bbox 244 1989 281 2049; x_wconf 89' lang='lat' dir='ltr'>de</span> <span class='ocrx_word' id='word_1_162' title='bbox 304 1989 422 2064; x_wconf 86' lang='lat' dir='ltr'>viluit,</span> <span class='ocrx_word' id='word_1_163' title='bbox 450 1988 708 2067; x_wconf 90' lang='lat' dir='ltr'>comprehendisse</span> <span class='ocrx_word' id='word_1_164' title='bbox 728 1990 844 2050; x_wconf 85' lang='lat' dir='ltr'>videtur</span> <span class='ocrx_word' id='word_1_165' title='bbox 865 1989 948 2050; x_wconf 87' lang='lat' dir='ltr'>milri:</span> <span class='ocrx_word' id='word_1_166' title='bbox 972 1987 1021 2050; x_wconf 90' lang='lat' dir='ltr'>Ne</span> <span class='ocrx_word' id='word_1_167' title='bbox 1034 1991 1086 2051; x_wconf 85' lang='lat' dir='ltr'>cui</span> 
     </span>
     <span class='ocr_line' id='line_1_23' title="bbox 75 2074 1084 2154; baseline -0.001 -19"><span class='ocrx_word' id='word_1_168' title='bbox 75 2081 209 2136; x_wconf 81' lang='lat' dir='ltr'>oestrum</span> <span class='ocrx_word' id='word_1_169' title='bbox 222 2082 314 2151; x_wconf 85' lang='lat' dir='ltr'>utque</span> <span class='ocrx_word' id='word_1_170' title='bbox 328 2074 419 2134; x_wconf 79' lang='lat' dir='ltr'>etium</span> <span class='ocrx_word' id='word_1_171' title='bbox 434 2075 574 2148; x_wconf 81' lang='lat' dir='ltr'>omnium,</span> <span class='ocrx_word' id='word_1_172' title='bbox 591 2076 645 2151; x_wconf 86' lang='lat' dir='ltr'>qui</span> <span class='ocrx_word' id='word_1_173' title='bbox 658 2074 703 2134; x_wconf 85' lang='lat' dir='ltr'>ad</span> <span class='ocrx_word' id='word_1_174' title='bbox 719 2093 785 2136; x_wconf 88' lang='lat' dir='ltr'>rem</span> <span class='ocrx_word' id='word_1_175' title='bbox 798 2077 951 2154; x_wconf 77' lang='lat' dir='ltr'>rependum</span> <span class='ocrx_word' id='word_1_176' title='bbox 967 2080 1084 2149; x_wconf 78' lang='lat' dir='ltr'>uerunt,</span> 
     </span>
     <span class='ocr_line' id='line_1_24' title="bbox 76 2158 1086 2236; baseline 0 -18"><span class='ocrx_word' id='word_1_177' title='bbox 76 2177 160 2220; x_wconf 83' lang='lat' dir='ltr'>meus</span> <span class='ocrx_word' id='word_1_178' title='bbox 175 2165 230 2220; x_wconf 83' lang='lat' dir='ltr'>cut</span> <span class='ocrx_word' id='word_1_179' title='bbox 243 2159 343 2219; x_wconf 82' lang='lat' dir='ltr'>cultus</span> <span class='ocrx_word' id='word_1_180' title='bbox 357 2158 511 2219; x_wconf 77' lang='lat' dir='ltr'>molestior</span> <span class='ocrx_word' id='word_1_181' title='bbox 525 2165 579 2218; x_wconf 87' lang='lat' dir='ltr'>cut</span> <span class='ocrx_word' id='word_1_182' title='bbox 592 2175 652 2219; x_wconf 78' lang='lat' dir='ltr'>com</span> <span class='ocrx_word' id='word_1_183' title='bbox 665 2159 896 2220; x_wconf 81' lang='lat' dir='ltr'>immoderatior</span> <span class='ocrx_word' id='word_1_184' title='bbox 909 2159 1016 2236; x_wconf 80' lang='lat' dir='ltr'>ulique</span> <span class='ocrx_word' id='word_1_185' title='bbox 1031 2164 1086 2218; x_wconf 84' lang='lat' dir='ltr'>cot</span> 
     </span>
     <span class='ocr_line' id='line_1_25' title="bbox 76 2241 1085 2322; baseline 0 -20"><span class='ocrx_word' id='word_1_186' title='bbox 76 2243 217 2320; x_wconf 81' lang='lat' dir='ltr'>denique,</span> <span class='ocrx_word' id='word_1_187' title='bbox 233 2241 315 2320; x_wconf 87' lang='lat' dir='ltr'>quod</span> <span class='ocrx_word' id='word_1_188' title='bbox 329 2242 483 2302; x_wconf 82' lang='lat' dir='ltr'>minimum</span> <span class='ocrx_word' id='word_1_189' title='bbox 498 2248 551 2316; x_wconf 86' lang='lat' dir='ltr'>est,</span> <span class='ocrx_word' id='word_1_190' title='bbox 573 2243 738 2304; x_wconf 78' lang='lat' dir='ltr'>iactantior</span> <span class='ocrx_word' id='word_1_191' title='bbox 750 2254 854 2322; x_wconf 74' lang='lat' dir='ltr'>pertus</span> <span class='ocrx_word' id='word_1_192' title='bbox 868 2243 966 2321; x_wconf 77' lang='lat' dir='ltr'>fuisse</span> <span class='ocrx_word' id='word_1_193' title='bbox 979 2243 1085 2303; x_wconf 84' lang='lat' dir='ltr'>eidec-</span> 
     </span>
     <span class='ocr_line' id='line_1_26' title="bbox 75 2324 1127 2405; baseline -0.004 -19"><span class='ocrx_word' id='word_1_194' title='bbox 75 2334 136 2387; x_wconf 87' lang='lat' dir='ltr'>tur.</span> <span class='ocrx_word' id='word_1_195' title='bbox 176 2326 264 2404; x_wconf 83' lang='lat' dir='ltr'>Atqui</span> <span class='ocrx_word' id='word_1_196' title='bbox 289 2334 354 2385; x_wconf 91' lang='lat' dir='ltr'>sunt</span> <span class='ocrx_word' id='word_1_197' title='bbox 376 2324 516 2405; x_wconf 92' lang='lat' dir='ltr'>quaedam</span> <span class='ocrx_word' id='word_1_198' title='bbox 541 2327 670 2386; x_wconf 89' lang='lat' dir='ltr'>actiones</span> <span class='ocrx_word' id='word_1_199' title='bbox 692 2329 720 2386; x_wconf 92' lang='lat' dir='ltr'>iu</span> <span class='ocrx_word' id='word_1_200' title='bbox 743 2328 957 2402; x_wconf 83' lang='lat' dir='ltr'>satisfactione,</span> <span class='ocrx_word' id='word_1_201' title='bbox 979 2325 1127 2404; x_wconf 71' lang='lat' dir='ltr'>deme-52</span> 
     </span>
     <span class='ocr_line' id='line_1_27' title="bbox 78 2406 1085 2488; baseline -0.002 -19"><span class='ocrx_word' id='word_1_202' title='bbox 78 2412 207 2485; x_wconf 87' lang='lat' dir='ltr'>catione,</span> <span class='ocrx_word' id='word_1_203' title='bbox 236 2409 423 2470; x_wconf 83' lang='lat' dir='ltr'>confossione</span> <span class='ocrx_word' id='word_1_204' title='bbox 449 2411 578 2488; x_wconf 87' lang='lat' dir='ltr'>positae:</span> <span class='ocrx_word' id='word_1_205' title='bbox 611 2411 832 2470; x_wconf 89' lang='lat' dir='ltr'>sententiolisne</span> <span class='ocrx_word' id='word_1_206' title='bbox 858 2410 983 2470; x_wconf 88' lang='lat' dir='ltr'>llendum</span> <span class='ocrx_word' id='word_1_207' title='bbox 1009 2406 1085 2468; x_wconf 77' lang='lat' dir='ltr'>erit?</span> 
     </span>
     <span class='ocr_line' id='line_1_28' title="bbox 78 2491 1086 2590; baseline -0.001 -39"><span class='ocrx_word' id='word_1_208' title='bbox 78 2493 299 2571; x_wconf 86' lang='lat' dir='ltr'>epiphonemata</span> <span class='ocrx_word' id='word_1_209' title='bbox 325 2502 373 2552; x_wconf 92' lang='lat' dir='ltr'>aut</span> <span class='ocrx_word' id='word_1_210' title='bbox 393 2493 603 2568; x_wconf 78' lang='lat' dir='ltr'>enthymemata</span> <span class='ocrx_word' id='word_1_211' title='bbox 625 2491 807 2553; x_wconf 77' lang='lat' dir='ltr'>exorabunt?</span> <span class='ocrx_word' id='word_1_212' title='bbox 837 2493 920 2567; x_wconf 89' lang='lat' dir='ltr'>Non,</span> <span class='ocrx_word' id='word_1_213' title='bbox 947 2492 1086 2590; x_wconf 87' lang='lat' dir='ltr'>quidquid</span> 
     </span>
     <span class='ocr_line' id='line_1_29' title="bbox 76 2575 1085 2651; baseline -0.002 -17"><span class='ocrx_word' id='word_1_214' title='bbox 76 2577 164 2634; x_wconf 91' lang='lat' dir='ltr'>meris</span> <span class='ocrx_word' id='word_1_215' title='bbox 180 2575 330 2635; x_wconf 91' lang='lat' dir='ltr'>adiicietur</span> <span class='ocrx_word' id='word_1_216' title='bbox 344 2575 507 2651; x_wconf 78' lang='lat' dir='ltr'>affectibus,</span> <span class='ocrx_word' id='word_1_217' title='bbox 525 2593 625 2634; x_wconf 88' lang='lat' dir='ltr'>omues</span> <span class='ocrx_word' id='word_1_218' title='bbox 641 2593 741 2635; x_wconf 91' lang='lat' dir='ltr'>eorum</span> <span class='ocrx_word' id='word_1_219' title='bbox 756 2577 846 2636; x_wconf 92' lang='lat' dir='ltr'>diluet</span> <span class='ocrx_word' id='word_1_220' title='bbox 859 2577 938 2635; x_wconf 88' lang='lat' dir='ltr'>vires</span> <span class='ocrx_word' id='word_1_221' title='bbox 956 2584 986 2634; x_wconf 90' lang='lat' dir='ltr'>et</span> <span class='ocrx_word' id='word_1_222' title='bbox 1000 2576 1085 2633; x_wconf 90' lang='lat' dir='ltr'>mise·</span> 
     </span>
     <span class='ocr_line' id='line_1_30' title="bbox 78 2655 1129 2734; baseline -0.002 -17"><span class='ocrx_word' id='word_1_223' title='bbox 78 2660 220 2718; x_wconf 91' lang='lat' dir='ltr'>rationem</span> <span class='ocrx_word' id='word_1_224' title='bbox 241 2659 397 2717; x_wconf 90' lang='lat' dir='ltr'>securitate</span> <span class='ocrx_word' id='word_1_225' title='bbox 421 2655 551 2718; x_wconf 82' lang='lat' dir='ltr'>laxabit?</span> <span class='ocrx_word' id='word_1_226' title='bbox 583 2657 664 2734; x_wconf 79' lang='lat' dir='ltr'>Age,</span> <span class='ocrx_word' id='word_1_227' title='bbox 688 2660 713 2716; x_wconf 95' lang='lat' dir='ltr'>si</span> <span class='ocrx_word' id='word_1_228' title='bbox 735 2659 772 2717; x_wconf 91' lang='lat' dir='ltr'>de</span> <span class='ocrx_word' id='word_1_229' title='bbox 798 2667 891 2718; x_wconf 90' lang='lat' dir='ltr'>morte</span> <span class='ocrx_word' id='word_1_230' title='bbox 912 2658 963 2717; x_wconf 91' lang='lat' dir='ltr'>lilii</span> <span class='ocrx_word' id='word_1_231' title='bbox 979 2676 1023 2718; x_wconf 86' lang='lat' dir='ltr'>sur</span> <span class='ocrx_word' id='word_1_232' title='bbox 1016 2656 1129 2716; x_wconf 69' lang='lat' dir='ltr'>velta</span> 
     </span>
     <span class='ocr_line' id='line_1_31' title="bbox 78 2740 1177 2821; baseline 0.001 -22"><span class='ocrx_word' id='word_1_233' title='bbox 78 2743 179 2801; x_wconf 88' lang='lat' dir='ltr'>iniuria</span> <span class='ocrx_word' id='word_1_234' title='bbox 187 2758 288 2820; x_wconf 91' lang='lat' dir='ltr'>,quae</span> <span class='ocrx_word' id='word_1_235' title='bbox 303 2750 395 2800; x_wconf 93' lang='lat' dir='ltr'>morte</span> <span class='ocrx_word' id='word_1_236' title='bbox 412 2742 449 2800; x_wconf 92' lang='lat' dir='ltr'>sit</span> <span class='ocrx_word' id='word_1_237' title='bbox 464 2742 598 2818; x_wconf 77' lang='lat' dir='ltr'>gravior,</span> <span class='ocrx_word' id='word_1_238' title='bbox 618 2740 770 2801; x_wconf 89' lang='lat' dir='ltr'>dicendum</span> <span class='ocrx_word' id='word_1_239' title='bbox 785 2743 860 2821; x_wconf 90' lang='lat' dir='ltr'>patri</span> <span class='ocrx_word' id='word_1_240' title='bbox 875 2742 975 2802; x_wconf 88' lang='lat' dir='ltr'>luerit:</span> <span class='ocrx_word' id='word_1_241' title='bbox 993 2743 1066 2801; x_wconf 87' lang='lat' dir='ltr'>aut</span> <span class='ocrx_word' id='word_1_242' title='bbox 1057 2759 1087 2800; x_wconf 92' lang='lat' dir='ltr'>m</span> <span class='ocrx_word' id='word_1_243' title='bbox 1174 2816 1177 2821; x_wconf 25' lang='grc' dir='ltr'>Ι</span> 
     </span>
     <span class='ocr_line' id='line_1_32' title="bbox 78 2823 1085 2903; baseline 0.001 -20"><span class='ocrx_word' id='word_1_244' title='bbox 78 2824 221 2885; x_wconf 88' lang='lat' dir='ltr'>narrando</span> <span class='ocrx_word' id='word_1_245' title='bbox 243 2825 364 2901; x_wconf 78' lang='lat' dir='ltr'>gratiam</span> <span class='ocrx_word' id='word_1_246' title='bbox 384 2823 462 2883; x_wconf 92' lang='lat' dir='ltr'>illam</span> <span class='ocrx_word' id='word_1_247' title='bbox 478 2825 686 2902; x_wconf 84' lang='lat' dir='ltr'>expositionis,</span> <span class='ocrx_word' id='word_1_248' title='bbox 712 2842 787 2903; x_wconf 89' lang='lat' dir='ltr'>quae</span> <span class='ocrx_word' id='word_1_249' title='bbox 805 2827 954 2903; x_wconf 81' lang='lat' dir='ltr'>continget</span> <span class='ocrx_word' id='word_1_250' title='bbox 972 2843 1009 2886; x_wconf 89' lang='lat' dir='ltr'>ex</span> <span class='ocrx_word' id='word_1_251' title='bbox 1024 2842 1085 2884; x_wconf 89' lang='lat' dir='ltr'>ser-</span> 
     </span>
     <span class='ocr_line' id='line_1_33' title="bbox 77 2906 1087 2987; baseline 0.001 -21"><span class='ocrx_word' id='word_1_252' title='bbox 77 2926 163 2971; x_wconf 90' lang='lat' dir='ltr'>mone</span> <span class='ocrx_word' id='word_1_253' title='bbox 178 2925 251 2986; x_wconf 93' lang='lat' dir='ltr'>puro</span> <span class='ocrx_word' id='word_1_254' title='bbox 270 2917 357 2985; x_wconf 90' lang='lat' dir='ltr'>atque</span> <span class='ocrx_word' id='word_1_255' title='bbox 373 2906 516 2982; x_wconf 88' lang='lat' dir='ltr'>dilucido,</span> <span class='ocrx_word' id='word_1_256' title='bbox 538 2916 677 2985; x_wconf 87' lang='lat' dir='ltr'>quaeret,</span> <span class='ocrx_word' id='word_1_257' title='bbox 698 2907 827 2969; x_wconf 89' lang='lat' dir='ltr'>breviter</span> <span class='ocrx_word' id='word_1_258' title='bbox 840 2927 875 2969; x_wconf 91' lang='lat' dir='ltr'>ac</span> <span class='ocrx_word' id='word_1_259' title='bbox 889 2909 1087 2987; x_wconf 77' lang='lat' dir='ltr'>significanter</span> 
     </span>
     <span class='ocr_line' id='line_1_34' title="bbox 79 2992 1088 3072; baseline 0.001 -23"><span class='ocrx_word' id='word_1_260' title='bbox 79 2993 209 3052; x_wconf 90' lang='lat' dir='ltr'>ordinem</span> <span class='ocrx_word' id='word_1_261' title='bbox 225 2994 267 3051; x_wconf 91' lang='lat' dir='ltr'>rei</span> <span class='ocrx_word' id='word_1_262' title='bbox 284 2992 443 3070; x_wconf 91' lang='lat' dir='ltr'>protulisse</span> <span class='ocrx_word' id='word_1_263' title='bbox 463 3009 521 3051; x_wconf 91' lang='lat' dir='ltr'>non</span> <span class='ocrx_word' id='word_1_264' title='bbox 537 3000 705 3059; x_wconf 66' lang='lat' dir='ltr'>contentum</span> <span class='ocrx_word' id='word_1_265' title='bbox 724 3003 772 3053; x_wconf 92' lang='lat' dir='ltr'>aut</span> <span class='ocrx_word' id='word_1_266' title='bbox 787 3002 954 3072; x_wconf 77' lang='lat' dir='ltr'>argumenta</span> <span class='ocrx_word' id='word_1_267' title='bbox 970 2992 1088 3053; x_wconf 89' lang='lat' dir='ltr'>diducet</span> 
     </span>
    </p>
   </div>
   <div class='ocr_carea' id='block_1_3' title="bbox 78 3075 1194 3390">
    <p class='ocr_par' dir='ltr' id='par_1_4' title="bbox 78 3075 1194 3390">
     <span class='ocr_line' id='line_1_35' title="bbox 78 3075 1088 3157; baseline 0 -23"><span class='ocrx_word' id='word_1_268' title='bbox 78 3077 107 3134; x_wconf 96' lang='lat' dir='ltr'>in</span> <span class='ocrx_word' id='word_1_269' title='bbox 123 3075 230 3152; x_wconf 86' lang='lat' dir='ltr'>digitos</span> <span class='ocrx_word' id='word_1_270' title='bbox 253 3085 282 3135; x_wconf 89' lang='lat' dir='ltr'>et</span> <span class='ocrx_word' id='word_1_271' title='bbox 302 3077 534 3155; x_wconf 89' lang='lat' dir='ltr'>propositionum</span> <span class='ocrx_word' id='word_1_272' title='bbox 555 3093 590 3136; x_wconf 94' lang='lat' dir='ltr'>ac</span> <span class='ocrx_word' id='word_1_273' title='bbox 611 3077 794 3154; x_wconf 90' lang='lat' dir='ltr'>partitionum</span> <span class='ocrx_word' id='word_1_274' title='bbox 812 3078 939 3157; x_wconf 83' lang='lat' dir='ltr'>captabit</span> <span class='ocrx_word' id='word_1_275' title='bbox 955 3077 1088 3157; x_wconf 87' lang='lat' dir='ltr'>leporem</span> 
     </span>
     <span class='ocr_line' id='line_1_36' title="bbox 80 3158 1194 3238; baseline 0 -21"><span class='ocrx_word' id='word_1_276' title='bbox 80 3168 124 3233; x_wconf 91' lang='lat' dir='ltr'>et,</span> <span class='ocrx_word' id='word_1_277' title='bbox 150 3167 180 3218; x_wconf 93' lang='lat' dir='ltr'>ut</span> <span class='ocrx_word' id='word_1_278' title='bbox 202 3158 372 3238; x_wconf 91' lang='lat' dir='ltr'>plerumque</span> <span class='ocrx_word' id='word_1_279' title='bbox 393 3162 421 3220; x_wconf 90' lang='lat' dir='ltr'>iu</span> <span class='ocrx_word' id='word_1_280' title='bbox 437 3160 495 3221; x_wconf 90' lang='lat' dir='ltr'>hoc</span> <span class='ocrx_word' id='word_1_281' title='bbox 512 3177 623 3237; x_wconf 81' lang='lat' dir='ltr'>genere</span> <span class='ocrx_word' id='word_1_282' title='bbox 638 3162 726 3220; x_wconf 89' lang='lat' dir='ltr'>moris</span> <span class='ocrx_word' id='word_1_283' title='bbox 746 3171 806 3238; x_wconf 91' lang='lat' dir='ltr'>est,</span> <span class='ocrx_word' id='word_1_284' title='bbox 829 3161 989 3222; x_wconf 89' lang='lat' dir='ltr'>intentione</span> <span class='ocrx_word' id='word_1_285' title='bbox 1011 3159 1086 3219; x_wconf 89' lang='lat' dir='ltr'>omui</span> <span class='ocrx_word' id='word_1_286' title='bbox 1114 3180 1133 3207; x_wconf 86' lang='grc'>·-</span> <span class='ocrx_word' id='word_1_287' title='bbox 1190 3172 1194 3177; x_wconf 93' lang='grc'><strong><em>·</em></strong></span> 
     </span>
     <span class='ocr_line' id='line_1_37' title="bbox 79 3241 1131 3320; baseline 0.002 -18"><span class='ocrx_word' id='word_1_288' title='bbox 79 3244 201 3302; x_wconf 90' lang='lat' dir='ltr'>remissa</span> <span class='ocrx_word' id='word_1_289' title='bbox 217 3241 373 3320; x_wconf 84' lang='lat' dir='ltr'>loquetur?</span> <span class='ocrx_word' id='word_1_290' title='bbox 409 3243 474 3316; x_wconf 81' lang='lat' dir='ltr'>Quo</span> <span class='ocrx_word' id='word_1_291' title='bbox 489 3243 599 3320; x_wconf 79' lang='lat' dir='ltr'>fugerit</span> <span class='ocrx_word' id='word_1_292' title='bbox 611 3245 725 3304; x_wconf 90' lang='lat' dir='ltr'>interim</span> <span class='ocrx_word' id='word_1_293' title='bbox 739 3245 825 3306; x_wconf 94' lang='lat' dir='ltr'>dolor</span> <span class='ocrx_word' id='word_1_294' title='bbox 835 3243 908 3306; x_wconf 81' lang='lat' dir='ltr'>illei</span> <span class='ocrx_word' id='word_1_295' title='bbox 935 3244 984 3304; x_wconf 90' lang='lat' dir='ltr'>uhi</span> <span class='ocrx_word' id='word_1_296' title='bbox 1002 3243 1131 3304; x_wconf 74' lang='lat' dir='ltr'>lucri-dl</span> 
     </span>
     <span class='ocr_line' id='line_1_38' title="bbox 80 3325 1086 3390; baseline 0 -5"><span class='ocrx_word' id='word_1_297' title='bbox 80 3345 144 3386; x_wconf 89' lang='lat' dir='ltr'>mae</span> <span class='ocrx_word' id='word_1_298' title='bbox 166 3325 365 3387; x_wconf 83' lang='lat' dir='ltr'>sullstiterintl</span> <span class='ocrx_word' id='word_1_299' title='bbox 394 3328 471 3388; x_wconf 90' lang='lat' dir='ltr'>unde</span> <span class='ocrx_word' id='word_1_300' title='bbox 488 3344 521 3387; x_wconf 92' lang='lat' dir='ltr'>se</span> <span class='ocrx_word' id='word_1_301' title='bbox 538 3327 567 3386; x_wconf 90' lang='lat' dir='ltr'>iu</span> <span class='ocrx_word' id='word_1_302' title='bbox 586 3328 710 3388; x_wconf 90' lang='lat' dir='ltr'>medium</span> <span class='ocrx_word' id='word_1_303' title='bbox 725 3338 781 3390; x_wconf 88' lang='lat' dir='ltr'>tam</span> <span class='ocrx_word' id='word_1_304' title='bbox 799 3346 903 3389; x_wconf 91' lang='lat' dir='ltr'>secura</span> <span class='ocrx_word' id='word_1_305' title='bbox 918 3325 1086 3386; x_wconf 77' lang='lat' dir='ltr'>observatio</span> 
     </span>
    </p>
   </div>
   <div class='ocr_carea' id='block_1_4' title="bbox 80 3407 1197 3553">
    <p class='ocr_par' dir='ltr' id='par_1_5' title="bbox 80 3407 1197 3553">
     <span class='ocr_line' id='line_1_39' title="bbox 80 3407 1197 3553; baseline -0.004 -84"><span class='ocrx_word' id='word_1_306' title='bbox 80 3411 182 3469; x_wconf 86' lang='lat' dir='ltr'>artium</span> <span class='ocrx_word' id='word_1_307' title='bbox 212 3407 342 3469; x_wconf 80' lang='lat' dir='ltr'>miserit?</span> <span class='ocrx_word' id='word_1_308' title='bbox 381 3410 446 3470; x_wconf 91' lang='lat' dir='ltr'>Non</span> <span class='ocrx_word' id='word_1_309' title='bbox 469 3411 505 3472; x_wconf 92' lang='lat' dir='ltr'>ab</span> <span class='ocrx_word' id='word_1_310' title='bbox 537 3410 658 3471; x_wconf 85' lang='lat' dir='ltr'>exordio</span> <span class='ocrx_word' id='word_1_311' title='bbox 694 3430 787 3491; x_wconf 90' lang='lat' dir='ltr'>usque</span> <span class='ocrx_word' id='word_1_312' title='bbox 816 3411 1011 3553; x_wconf 43' lang='lat' dir='ltr'>adxplpimam</span> <span class='ocrx_word' id='word_1_313' title='bbox 1033 3426 1089 3467; x_wconf 71' lang='lat' dir='ltr'>uo·</span> <span class='ocrx_word' id='word_1_314' title='bbox 1180 3434 1197 3457; x_wconf 63' lang='grc' dir='ltr'>-ι</span> 
     </span>
    </p>
   </div>
   <div class='ocr_carea' id='block_1_5' title="bbox 0 0 1214 3854">
    <p class='ocr_par' dir='ltr' id='par_1_6' title="bbox 0 0 1214 3854">
     <span class='ocr_line' id='line_1_40' title="bbox 0 0 1214 3854; baseline 0 0"><span class='ocrx_word' id='word_1_315' title='bbox 0 0 1214 3854; x_wconf 95' lang='lat' dir='ltr'> </span> 
     </span>
    </p>
   </div>
  </div>
 </body>
</html>
