2408 3854
136 174 176 238 84
444 186 481 235 u.
504 182 584 234 rso.
607 182 830 245 Qumrrmuur

219 342 352 403 Pluribus
367 350 463 402 autem
473 339 572 400 verbis
586 357 650 401 cnm
665 339 710 416 id,
728 337 806 417 quod
821 354 877 398 uno
894 348 942 399 aut
956 340 1148 419 paucioribus

135 438 217 491 certe
237 428 293 489 dici
315 434 429 505 potest,
452 424 631 503 explicatur,
653 422 889 503 περίφρασιν
916 433 1040 514 vocant,
1071 426 1147 486 cir·

118 533 176 577 ,cu
186 514 194 573 i
204 523 273 573 tum
289 510 430 590 quendam
452 507 680 586 eloquendi,
703 508 751 586 qui
765 524 968 587 nonuunquam
983 511 1148 571 necessita·

134 607 192 658 tem
209 595 312 672 habet,
330 595 463 674 quotiens
476 593 555 653 dictu
571 592 712 652 deformia
728 591 839 670 operit:
857 600 888 651 ut
903 592 1079 670 Sallustius,
1095 591 1149 655 Au

91 681 286 761 conquisito
306 688 450 741 moturae.
489 676 608 738 Interim
633 684 764 735 ornatum
787 676 860 755 petit
886 676 998 754 solum,
1025 679 1075 756 qui
1102 687 1148 738 est

134 766 210 845 apud
226 773 329 843 poetas
347 762 612 842 frequentissimus:

201 849 330 928 Tempus
352 856 435 924 crat,
459 862 519 926 quo
534 847 641 926 prisco
657 846 745 924 quies
765 845 945 907 mortalibus
965 847 1073 926 aegris

196 933 310 1012 Iruca‘pit
331 942 359 994 ct
381 934 461 994 dorso
483 933 585 994 dicum
602 930 782 1008 gratissimo
801 929 908 1008 serpit.

92 1027 125 1084 61
135 1017 172 1079 llt
187 1017 263 1097 apud
278 1025 411 1078 oratores
430 1033 487 1078 uon
503 1034 585 1076 rarus
606 1032 724 1094 semper
742 1023 837 1074 tamen
853 1014 1010 1075 astrictior.
1055 1013 1147 1088 Quid·

135 1103 204 1182 quid
217 1104 291 1162 enim
302 1101 457 1180 significari
473 1101 590 1161 brevius
602 1106 702 1177 potest
713 1107 743 1158 et
755 1115 820 1158 curn
834 1105 936 1158 ornatu
949 1098 1034 1159 latius
1048 1107 1147 1159 osteu-

136 1187 225 1262 ditur,
248 1186 422 1267 περίφρασις
438 1194 500 1262 est,
525 1185 570 1243 cui
586 1199 691 1242 nomen
705 1180 805 1242 latine
822 1183 918 1242 datum
933 1191 1052 1243 estnon
1074 1201 1146 1244 sane

135 1281 233 1350 aptum
256 1270 396 1331 orationis
419 1269 517 1330 virtuti
543 1266 843 1328 circumlocutio.
887 1264 997 1327 Verum
1020 1266 1080 1328 troc
1105 1276 1147 1344 ut,

137 1374 200 1416 cum
213 1353 361 1416 decorem
381 1353 485 1430 habet,
507 1351 702 1431 periphrasis:
725 1352 780 1426 ita,
797 1368 862 1410 cum
877 1352 905 1410 in
920 1351 1020 1412 vitrum
1035 1351 1148 1427 incidit,

134 1439 339 1521 περισσολογία
351 1438 463 1499 dicitur.
510 1435 612 1495 Obstat
627 1437 717 1511 eninr,
736 1433 874 1513 quidquid
889 1451 947 1494 non
962 1435 1089 1497 adiuvat.

93 1532 127 1590 62
219 1521 462 1601 Hyperbatou
492 1537 624 1600 quoque,
647 1519 674 1579 id
697 1527 743 1579 est
764 1517 848 1579 verbi
870 1520 1148 1598 transgressionem,

137 1607 271 1686 quoniam
286 1606 455 1684 frequenter
472 1606 545 1665 ratio
565 1605 789 1682 comparationis
808 1611 838 1662 et
853 1603 944 1665 decor
959 1605 1073 1683 poscit,
1090 1621 1149 1665 non

135 1692 277 1751 immerito
302 1691 377 1750 iuter
402 1691 523 1750 virtutes
549 1687 697 1749 habemus.
740 1685 786 1748 Fit
811 1688 886 1747 euim
910 1688 1149 1768 frequentissime

136 1793 241 1855 aspera
263 1784 293 1836 et
309 1775 379 1835 dura
402 1783 432 1835 et
448 1772 591 1834 dissoluta
607 1782 636 1832 et
656 1771 738 1832 hians
754 1773 866 1849 oratio,
889 1774 915 1832 si
930 1772 966 1833 ad
984 1774 1147 1834 necessita-

136 1870 193 1919 tem
210 1860 318 1920 ordinis
335 1860 379 1919 sui
396 1858 488 1919 verba
503 1858 687 1935 redigantur,
710 1865 755 1933 et,
777 1866 807 1916 ut
823 1857 959 1937 quodque
976 1857 1086 1934 oritur,
1109 1859 1149 1919 ita

94 1943 293 2023 onproximis,
320 1945 432 2004 etiamsi
455 1945 556 2004 vinciri
577 1959 635 2002 nou
650 1950 766 2021 potest,
789 1940 935 2017 alligetur.
977 1939 1148 2003 Dillerenda

135 2029 223 2106 igitur
244 2028 384 2107 quaedam
408 2038 437 2088 et
453 2026 680 2107 praesumenda,
704 2035 790 2104 atque
806 2034 837 2084 ut
856 2027 885 2084 in
906 2026 1059 2085 structuris
1075 2025 1148 2106 lapi·

138 2112 203 2173 dum
226 2112 421 2189 impolitorum
446 2112 531 2187 loco,
554 2127 611 2190 quo
633 2111 787 2186 convenit,
810 2109 948 2188 quodque
971 2109 1147 2188 ponendum.

137 2194 202 2254 Non
217 2198 292 2255 enim
304 2195 439 2255 recidere
455 2214 490 2256 ea
504 2213 559 2255 nec
570 2194 666 2274 polire
681 2211 854 2274 possumus,
871 2209 929 2272 quo
942 2202 1148 2272 coagmentata

138 2297 170 2338 se
187 2281 279 2357 magis
295 2280 430 2356 iungant,
447 2280 500 2339 sed
514 2278 649 2339 utendum
663 2279 712 2356 iis,
729 2277 825 2358 qualia
837 2286 918 2355 suut,
932 2276 1149 2358 eligendaeque

96 2362 233 2425 tlsedes.
276 2361 340 2422 Nec
360 2362 437 2423 aliud
451 2371 549 2443 potest
564 2379 728 2424 sermonem
741 2362 841 2423 lacere
859 2379 1045 2423 numerosum
1064 2380 1150 2442 quarn

139 2455 303 2525 opportuna
325 2446 433 2507 ordinis
448 2447 582 2517 mutatio;
607 2465 704 2527 neque
719 2447 777 2508 alio
794 2447 870 2508 ceris
887 2446 1016 2508 Platonis
1031 2449 1150 2508 inventa

138 2541 204 2597 suut
220 2541 355 2611 quattuor
375 2532 426 2592 illa
440 2531 549 2608 verba,
567 2531 670 2611 quihus
692 2533 722 2592 in
742 2530 794 2592 illo
812 2530 1011 2609 pulcherrimo
1027 2548 1150 2611 operum

137 2618 166 2676 in
179 2616 329 2678 Piraeeum
344 2636 377 2677 se
394 2615 585 2677 descendisse
596 2616 756 2694 significat,
774 2614 903 2695 plurimis
915 2615 1010 2676 modis
1026 2618 1148 2695 scripta,

97 2709 224 2779 65quam
242 2702 401 2780 quodcum
420 2718 539 2780 quoque
553 2702 676 2761 maxime
692 2701 792 2762 lacere
812 2700 1005 2779 experiretur.
1039 2699 1151 2760 Verum

139 2784 167 2844 id
188 2802 251 2844 cum
276 2787 305 2844 in
331 2784 444 2844 duobus
465 2784 565 2846 verbis
590 2784 637 2861 lit,
664 2773 838 2865 ἀναστροφὴ
865 2785 984 2862 dicitur,
1014 2784 1149 2845 reversio

139 2868 296 2946 quaedam:
320 2868 416 2947 qualia
427 2878 492 2929 sunt
502 2868 611 2947 vulgo,
626 2889 760 2944 mecum,
775 2887 899 2937 secum,-
919 2869 997 2947 apud
1015 2878 1150 2929 oratores

139 2961 169 3011 et
185 2951 342 3012 historicos
360 2954 472 3030 quibus
489 2954 645 3017 derebus.
682 2953 722 3014 At
739 2972 803 3014 curn
821 2953 937 3013 decoris
951 2954 1046 3030 gratia
1062 2952 1152 3014 trahi·

138 3044 184 3094 tur
208 3034 322 3113 longius
345 3035 480 3113 verbum,
502 3039 624 3116 proprie
650 3037 803 3114 hyberbati
824 3046 905 3098 tenet
926 3052 1049 3098 nomen:
1075 3033 1152 3099 Arei·

138 3121 306 3196 modocrts',
323 3121 462 3197 iudices,
479 3139 597 3183 omnem
613 3124 808 3184 accusatorio
829 3122 999 3184 orationem
1019 3122 1152 3184 induas

140 3201 271 3264 dicisum
296 3223 363 3266 csse
379 3213 498 3284 portes.
543 3204 615 3266 Nam
635 3207 668 3267 im
689 3208 770 3270 duas
787 3214 898 3286 partes
924 3207 1059 3268 dtomom
1083 3223 1152 3268 erac

97 3296 132 3351 66
139 3295 250 3348 rectum
262 3296 340 3364 erat,
360 3288 413 3349 sed
426 3290 527 3350 durum
542 3298 572 3350 et
587 3292 771 3371 incomptum.
809 3289 919 3351 Poetae
931 3290 1048 3370 quidem
1064 3289 1151 3352 etiarn

140 3371 296 3432 verborum
312 3372 453 3434 divisione
469 3373 578 3435 iaciunt
593 3376 871 3453 transgressionem:

304 3491 346 3505 ·-
364 3455 561 3538 Hydorborso
579 3468 693 3538 septem
712 3461 850 3523 subiecto
870 3461 971 3537 trioni,

143 3612 210 3623 ..fln—
