2408 3854
331 196 825 265 rusu.oneu0n.u1n.xu,s.9.
1005 189 1067 249 259

65 358 312 434 consignationes,
328 357 422 434 ipsum
438 358 565 435 denique
583 354 780 415 adversarium
795 356 937 433 quaedam
949 373 1005 415 non
1017 374 1068 415 ne·

62 451 203 520 gaturum.
234 438 364 518 Ideoque
385 457 459 519 opus
476 449 521 500 est
536 439 640 499 intueri
657 456 741 498 omne
759 437 819 498 litis
833 441 1111 510 instrumentum312

63 525 141 604 quod
160 525 261 585 videre
277 541 335 583 non
351 533 396 584 est
410 525 498 599 satis,
515 522 727 602 perlegendum
745 524 809 582 erit.
844 522 916 582 Nam
931 523 1067 601 frequen·

63 610 172 670 tissime
188 618 236 668 aut
250 624 308 666 non
322 616 389 667 sunt
403 609 529 684 omnino,
547 624 622 685 quae
639 605 892 686 promittebantur,
911 617 960 668 aut
976 610 1069 668 minus

63 695 211 753 continent
231 700 280 752 aut
302 709 367 751 cum
393 692 451 751 alio
475 692 573 770 aliquo
600 692 733 751 nocituro
762 693 904 771 permixta
926 700 993 752 sunt
1022 700 1070 751 aut

62 779 147 837 nimia
167 785 233 835 sunt
256 784 285 834 et
305 775 392 836 iidem
414 776 471 836 hoc
494 776 559 853 ipso
581 774 765 851 detractura,
795 775 873 854 quod
890 791 948 835 non
962 774 1070 835 habent

61 861 186 920 modum.
218 859 353 938 Denique
372 859 460 920 linum
477 868 592 937 ruptum
607 867 656 918 aut
671 859 815 919 turhatam
829 878 927 920 ceram
942 869 991 920 aut
1006 856 1112 924 sine'lit

61 946 195 1023 agnitore
216 945 299 1022 signa
319 943 491 1022 frequenter
511 945 657 1010 invenies;
681 959 775 1021 quae,
800 945 854 1003 nisi
869 944 946 1004 domi
963 962 1068 1004 excus-

62 1031 156 1105 seris,
179 1030 207 1086 in
223 1027 289 1087 foro
310 1030 457 1108 inopinata
475 1027 641 1106 decipient,
664 1027 790 1105 plusque
812 1027 960 1087 nocebunt
979 1028 1068 1088 desti·

62 1123 121 1172 tuta
140 1130 223 1190 quam
244 1129 302 1171 non
319 1114 462 1191 promissa
477 1114 656 1172 nocuissent.
685 1109 776 1170 llulta
792 1113 897 1188 etiam,
920 1130 996 1191 quae
1013 1112 1067 1171 liti·

61 1208 147 1274 gator
164 1196 234 1256 nilril
255 1196 291 1257 ad
306 1215 422 1258 oausam
436 1197 586 1276 pertinere
611 1194 784 1271 crediderit,
810 1204 949 1273 patronus
973 1203 1067 1270 eruet,

60 1280 147 1341 modo
163 1298 217 1358 per
235 1297 346 1357 omnes,
364 1298 438 1360 quos
454 1281 633 1355 tradidimus,
654 1288 890 1357 argumentorum
906 1280 991 1342 locos
1010 1287 1066 1340 eat.

62 1364 144 1437 Quos
165 1372 195 1422 ut
218 1365 462 1444 circumspectare
483 1367 512 1426 in
529 1364 643 1443 agendo
660 1373 690 1424 et
705 1371 847 1424 attentare
869 1364 1001 1442 singulos
1017 1364 1111 1427 mi-14

62 1449 136 1507 nime
155 1448 305 1524 convenit,
323 1458 445 1528 propter
461 1467 533 1528 quas
549 1449 671 1510 diximus
690 1465 809 1508 causas:
828 1449 866 1507 ita
882 1451 911 1508 in
928 1447 1067 1509 discendo

63 1532 157 1591 rimari
174 1533 371 1591 necessarium
387 1541 448 1608 est,
465 1551 539 1612 quae
555 1550 717 1612 personae,
739 1550 814 1612 quae
830 1541 973 1612 tempora,
993 1551 1068 1613 quae

63 1617 146 1689 loca,
169 1616 315 1688 instituta,
336 1618 538 1693 instrumenta,
562 1625 736 1694 ceteraque,
761 1634 799 1676 ex
815 1617 919 1694 quibus
934 1635 993 1678 non
1007 1627 1067 1676 tan-

63 1711 120 1758 tum
136 1699 216 1775 illud,
235 1699 312 1777 quod
330 1709 376 1759 est
391 1701 541 1761 artificiale
558 1699 739 1780 probationis
755 1718 864 1777 genus,
882 1701 983 1779 colligi
999 1717 1067 1779 pos-

62 1786 117 1859 sit,
141 1785 193 1844 sed
209 1785 257 1862 qui
272 1785 418 1844 metuendi
434 1793 543 1861 testes,
567 1784 713 1863 quomodo
728 1784 784 1843 sint
800 1784 965 1845 refellendi.
996 1783 1067 1844 Nam

62 1868 214 1945 plurimum
231 1868 337 1944 refert,
360 1867 465 1929 inuidia
483 1886 551 1929 reue
567 1887 603 1930 an
619 1867 685 1928 odio
706 1886 741 1928 au
757 1877 923 1948 contemptu
941 1868 1068 1945 laboret,

63 1969 186 2029 quorum
203 1953 267 2012 iere
290 1970 358 2030 pars
380 1953 472 2031 prima
491 1955 676 2032 superiores,
699 1953 830 2032 proxima
852 1971 957 2033 pares,
982 1955 1068 2014 tertia

62 2035 231 2095 humiliores
248 2037 361 2115 premit.
393 2037 444 2098 Sic
462 2055 578 2098 causam
593 2045 808 2116 perscrutatus,
825 2039 987 2117 propositis
1002 2044 1110 2097 anteit

63 2119 166 2178 oculos
188 2119 336 2198 omnibus,
364 2139 439 2201 quae
461 2123 573 2201 prosint
587 2130 766 2197 noceantve,
790 2123 904 2182 tertiam
926 2122 1066 2199 deinceps

62 2220 217 2281 personam
238 2205 335 2266 induet
355 2205 475 2282 iudicis,
496 2207 643 2286 fingatque
659 2206 735 2284 apud
750 2223 784 2266 se
805 2208 852 2284 agi
868 2225 1001 2283 causam,
1026 2215 1066 2281 ct,

62 2288 139 2364 quod
157 2291 249 2366 ipsum
265 2291 406 2364 movisset
420 2290 458 2351 de
477 2290 579 2352 eadem
593 2309 627 2351 re
642 2291 904 2370 pronuntiaturum,
919 2290 949 2352 id
964 2298 1066 2371 poten·

61 2373 210 2447 tissimum,
229 2373 305 2452 apud
320 2393 521 2455 quemcunque
538 2383 652 2453 agetur,
669 2376 823 2435 euistimet.
851 2376 902 2436 Sic
917 2391 983 2435 eum
1000 2390 1067 2433 raro

61 2454 145 2515 fallet
163 2466 301 2533 eventus,
321 2468 368 2518 aut
387 2460 473 2538 culpa
488 2460 591 2520 iudicis
607 2461 671 2518 erit.
768 2521 771 2524 Α

411 2610 499 2672 QUAE
517 2611 551 2662 IN
569 2611 719 2664 Asuuius.

62 2732 67 2748 ·
147 2713 197 2776 ΙΧ.
220 2712 305 2788 Quae
318 2715 375 2773 sint
392 2713 427 2771 in
445 2713 586 2791 agendo
603 2712 800 2789 servanda,
817 2722 879 2773 toto
895 2713 960 2772 iere
975 2729 1068 2791 opere

62 2801 179 2859 executi
201 2816 313 2867 sumus;
340 2813 433 2877 pauca
455 2804 550 2856 tamen
570 2799 689 2874 propria
709 2796 793 2857 liuius
817 2797 893 2873 loci,
921 2814 995 2876 quae
1010 2812 1069 2856 non

61 2893 118 2942 tarn
135 2882 250 2944 dicendi
266 2892 328 2943 arte
346 2899 431 2961 mam
447 2881 552 2941 olilciis
568 2881 681 2959 agentis
697 2883 895 2954 continentur,
918 2882 1066 2960 attingam.

61 2968 271 3043 Antemnis,
299 2985 352 3043 ne,
376 2965 454 3045 quod
474 2965 625 3046 plerisque
648 2965 768 3042 accidit,
799 2965 835 3026 ab
857 2965 978 3028 utilitate
1003 2982 1068 3025 eum

61 3069 168 3112 causae
183 3053 348 3130 praesentis
365 3051 471 3129 cupido
488 3049 580 3110 laudis
597 3048 730 3111 abducat.
763 3049 837 3112 Nam
851 3059 882 3110 ut
896 3049 1067 3130 gerentibus
1080 3055 1096 3105 2

59 3136 139 3197 bella
161 3153 219 3196 non
239 3153 356 3236 semper
379 3136 526 3196 exercitus
546 3133 704 3234 perplana
721 3143 750 3195 et
770 3152 892 3197 amoene
917 3132 1066 3232 ducendus

59 3217 1067 3383 tic'ildittlttltltidistitiliottttttltitt
1143 3373 1148 3379 ,

60 3387 214 3448 difficiles:
244 3387 284 3447 ita
308 3387 402 3446 oratio
425 3385 562 3464 gaudebit
577 3387 693 3466 quidem
713 3391 871 3449 occasione
890 3384 994 3445 laetius
1015 3384 1066 3444 de·

60 3472 193 3532 currendi
217 3479 246 3531 et
268 3487 363 3551 aequo
388 3487 549 3549 congressa
570 3489 674 3552 campo
693 3465 1091 3608 totasuiresxpopumex
