2408 3854
126 192 172 253 42
448 203 485 250 u.
500 202 579 249 una.
596 199 816 261 ournnrmnur

126 359 246 420 actione
260 355 443 432 recitandae,
461 374 535 434 quae
550 355 756 416 reservandae.
793 355 873 416 llaec
889 365 934 416 est
947 357 1029 418 velut
1044 358 1132 437 impe·

131 443 238 503 ratoria
252 443 342 502 virtus
358 441 458 519 copias
475 458 541 499 suas
556 440 706 517 partientis
722 440 757 499 ad
774 458 858 500 casus
871 441 1067 518 proeliorum,
1086 459 1133 502 re

132 528 247 587 tinentia
263 533 362 604 partes
378 541 431 602 per
444 523 566 583 castella
577 522 681 583 tuenda
698 524 940 585 custodiendasve
955 524 1062 600 urbes,
1083 543 1134 604 pe·

131 611 234 671 tendos
251 617 442 682 commeatus,
463 606 621 668 obsidenda
636 608 753 682 itinera,
774 609 844 666 mari
861 607 986 687 denique
1004 626 1040 669 ac
1058 617 1134 671 terra

88 694 293 759 uldivideutis.
334 691 393 752 Sed
415 690 488 751 baec
509 693 537 750 in
557 691 689 750 oratione
710 690 885 768 praestabit,
913 693 959 751 oui
983 695 1078 753 omnia
1093 692 1133 753 al·

130 778 252 853 luerint,
279 784 394 850 natura,
416 775 562 849 doctrina,
591 774 723 834 studium.
752 773 851 847 'Quare
874 793 959 835 nemo
985 785 1133 855 expectet,

130 871 161 922 ut
177 861 272 922 alieno
288 868 394 920 tantum
409 857 511 918 labore
526 859 564 917 sit
583 858 716 918 disertus.
743 858 943 936 vigilandum,
966 860 1134 936 durandum,

131 945 310 1020 enitendum,
340 942 507 1022 pallendum
537 950 599 1018 est,
626 942 758 1002 facienda
783 961 836 1002 sna
859 945 963 1022 cuique
978 945 1039 1021 nis,
1067 962 1135 1004 suus

131 1047 217 1104 usus,
244 1046 295 1089 sua
315 1028 405 1101 ratio,
432 1042 489 1085 non
511 1024 724 1104 respiciendum
746 1026 782 1086 ad
797 1026 872 1088 hacc
885 1028 938 1087 sed
956 1030 985 1088 in
1000 1036 1136 1107 prompto

92 1112 281 1187 retrahenda,
300 1129 355 1171 nec
369 1119 501 1189 tanquam
515 1109 618 1169 tradita
635 1109 687 1169 sed
699 1119 833 1189 tanquam
848 1113 952 1173 innata.
994 1110 1068 1173 Nam
1090 1114 1135 1172 via

132 1197 322 1257 demonstrari
344 1203 459 1273 potest,
485 1194 627 1254 velocitas
648 1211 699 1253 aua
721 1197 839 1274 cuique:
865 1214 966 1256 verum
992 1214 1039 1257 ars
1066 1197 1135 1256 satls

51 1295 55 1302 ·
132 1289 275 1360 praestat,
297 1281 322 1339 si
345 1280 445 1357 copias
469 1278 654 1358 eloquentiae
669 1280 749 1356 ponit
764 1281 792 1338 in
805 1279 915 1348 medio;
940 1289 1072 1340 nostrum
1091 1288 1136 1340 est

92 1367 170 1427 louti
186 1367 229 1425 eis
245 1365 331 1425 scire.
370 1362 473 1440 Neque
489 1363 563 1421 enirn
578 1363 698 1440 partium
714 1371 759 1422 est
771 1362 885 1423 demum
896 1364 1066 1443 dispositio,
1082 1363 1135 1424 sed

131 1452 160 1508 in
174 1450 218 1509 his
235 1449 307 1526 ipsis
324 1449 431 1525 primus
448 1445 552 1525 aliquis
567 1463 670 1505 sensus
688 1455 718 1506 et
738 1447 881 1508 secundus
899 1458 929 1508 et
942 1450 1066 1517 tertins3
1087 1448 1142 1528 qui-
1172 1484 1174 1488 ι

131 1549 189 1591 non
206 1531 292 1592 modo
314 1541 345 1591 ut
366 1532 421 1590 sint
439 1529 539 1590 ordine
563 1530 719 1606 collocati,
742 1530 929 1595 laborandum
947 1541 1009 1609 est,
1034 1532 1088 1593 sed
1104 1540 1136 1592 ut

131 1618 206 1676 inter
224 1634 258 1676 ee
277 1617 365 1676 vincti
387 1624 473 1694 atque
495 1616 533 1674 ita
550 1614 757 1690 cohaerentes,
780 1633 817 1675 ne
832 1619 1020 1677 commissura
1036 1616 1134 1697 perlo-

93 1703 212 1766 l'lceat;
240 1717 347 1778 corpus
367 1701 419 1774 sit,
446 1716 503 1757 non
523 1698 659 1758 membra.
695 1698 779 1773 Quod
800 1701 838 1759 ita
862 1703 1024 1778 continget,
1047 1701 1073 1760 si
1095 1707 1134 1774 et,

133 1785 200 1863 quid
215 1786 243 1844 in
255 1801 372 1864 quoque
385 1783 554 1856 conveniat,
572 1782 746 1858 viderimus,
771 1793 800 1842 et
813 1793 844 1844 ut
859 1785 948 1844 verba
963 1783 1062 1844 verbis
1084 1800 1134 1863 ap·

132 1869 289 1947 plicemus,
319 1885 376 1927 non
397 1869 552 1946 pugnantia
578 1866 631 1927 sed
656 1885 731 1945 quae
752 1869 874 1929 invicem
894 1868 1134 1946 complectantur.

131 1952 174 2012 lta
191 1968 239 2012 res
257 1969 313 2012 non
335 1953 468 2012 diversae
484 1949 652 2011 distantibus
670 1969 707 2010 cx
723 1951 796 2011 locis
814 1956 896 2031 quasi
911 1953 1034 2015 invicem
1052 1953 1135 2030 iguo·

132 2045 179 2097 tae
193 2035 436 2110 collidentur,sed
449 2035 543 2113 aliqua
555 2036 697 2095 societate
710 2053 774 2095 curn
786 2036 930 2113 prioribus
942 2055 977 2097 ac
988 2035 1135 2115 sequenti·

131 2119 185 2179 bus
207 2139 240 2180 se
256 2120 421 2199 copulaque
440 2117 595 2194 tenebunt,
622 2136 657 2178 ac
670 2118 815 2180 videbitur
830 2137 888 2180 non
905 2121 998 2181 solum
1014 2135 1135 2199 compo·

132 2206 185 2263 sita
207 2206 299 2265 oratio
319 2204 470 2264 sedetiam
485 2203 627 2262 continua.
667 2201 776 2263 Verum
789 2203 904 2282 longius
920 2206 1048 2265 fortasse
1067 2219 1134 2283 pro·

131 2288 251 2365 gredior
265 2287 385 2348 fallente
399 2287 518 2346 transitu
534 2295 563 2345 et
577 2305 593 2347 a
609 2286 799 2366 dispositione
814 2288 849 2348 ad
864 2287 1038 2349 elocutionis
1049 2304 1135 2367 prac-

133 2379 218 2450 cepta
235 2370 334 2448 labor,
352 2388 427 2450 quae
443 2371 590 2447 prordmus
606 2370 681 2431 liber
695 2371 849 2433 inchoabit.

488 2693 649 2757 LIBER
679 2695 774 2758 VIII.

131 2821 207 2873 Libro
232 2830 320 2874 octavo
339 2824 403 2874 haec
422 2799 592 2875 continentur:
615 2825 653 2874 De
672 2826 763 2874 virtute
782 2826 940 2878 elocutionis.
979 2825 1017 2874 De
1034 2825 1137 2893 perspl-

165 2892 267 2942 cuitate.
300 2893 337 2943 De
356 2902 454 2944 ornatu.
485 2894 521 2943 De
539 2895 675 2958 generibus
695 2897 884 2945 sententiarum.
919 2894 958 2943 De
975 2895 1066 2958 tropIs.

414 3070 456 3119 DE
475 3071 614 3122 VIRTUI'E
633 3071 857 3130 ELOCUTIONlS,

232 3167 477 3258 Prooemium.
513 3199 564 3259 llis
586 3199 665 3276 lere,
689 3203 813 3279 quaein
837 3203 985 3279 proximos
1008 3201 1136 3280 quinque

131 3278 222 3338 libros
249 3280 355 3340 collata
382 3290 464 3358 sunt,
496 3285 569 3344 ratio
595 3286 758 3345 inveniendi
784 3294 871 3364 atque
895 3287 1011 3345 inventa
1036 3285 1135 3363 dispo·

130 3361 216 3422 nendi
233 3365 403 3442 continetur,
417 3385 502 3446 quam
517 3376 548 3427 ut
562 3387 616 3447 per
628 3385 727 3428 omnes
743 3386 878 3429 numeros
894 3370 1008 3448 penitius
1024 3385 1136 3447 cogno·

76 3460 217 3623 Ἱσιο
232 3446 268 3507 ad
282 3465 417 3511 summam
429 3451 570 3512 scientiae
584 3455 782 3514 necessarium
797 3463 859 3531 est,
877 3455 916 3514 ita
932 3453 1137 3532 incipientibus
