2408 3854
328 222 796 334 asnomnosnmnnnl.
1028 256 1069 317 on

57 444 140 488 amm
155 445 254 486 meam
271 425 507 503 relinquendam
525 432 677 503 putarem.
711 423 827 484 Interim
850 424 1003 503 proposito
1019 441 1068 484 ve·
1078 436 1108 489 11

58 509 101 572 lut
121 508 207 569 simili
231 509 369 588 exemplo
391 508 574 568 efficiendum
592 516 653 584 est,
677 517 707 567 ut
729 511 765 569 sit
781 510 871 568 maius
887 508 935 585 id,
959 508 1069 586 quoda

57 593 143 654 nobis
159 593 397 670 exaggerandum
415 601 476 652 est:
498 600 529 651 ut
548 591 625 652 idem
649 610 703 671 pro
720 590 873 670 Cluentio,
896 610 961 651 cum
977 608 1068 670 expo·

57 679 177 752 suisset,
196 675 337 736 Milesiam
360 676 502 755 quandam
526 694 542 736 a
566 676 702 736 secundis
720 676 877 737 heredibus
893 693 947 754 pro
965 676 1069 737 abortu

57 763 212 842 pecuniam
227 762 398 841 accepisse,
422 758 544 833 Quanto
555 769 617 834 est,
633 761 741 839 inquit,
763 759 954 840 Oppianicus
969 764 1002 821 in
1018 780 1069 823 ea·

57 848 128 908 dem
144 847 263 908 iniuria
279 848 396 908 maiore
409 846 560 924 supplicio
573 846 707 923 clipeus?
736 844 896 923 Siquidem
910 847 982 923 illu,
1001 865 1070 906 cum

56 950 116 1006 suo
139 932 262 1010 corpori
282 933 343 992 mm
362 931 529 1005 attulisset,
550 948 585 991 se
607 931 677 1008 ipso
699 933 871 1000 muciooits
898 931 948 991 lu'c
967 939 1069 992 anetem

56 1016 140 1077 idem
153 1016 232 1076 illua
246 1014 349 1094 effecit
361 1032 421 1092 per
436 1014 530 1074 aliem
541 1016 682 1091 corporis
696 1016 758 1074 aim
775 1024 867 1092 atque
883 1016 1067 1075 cruciatum.

57 1098 122 1160 Nea
138 1107 221 1177 putet
236 1100 387 1178 quisquam
402 1098 476 1173 hoc,
502 1115 664 1176 quanquam
680 1106 725 1157 est
741 1098 852 1174 simile,
868 1097 910 1158 illi
927 1115 964 1157 ex
982 1108 1110 1175 argu-12

57 1185 162 1244 mentis
178 1182 258 1258 loco,
278 1199 335 1262 quo
351 1183 460 1242 maiora
477 1199 515 1240 ex
529 1182 686 1241 minoribus
700 1181 887 1260 colliguntur,
898 1182 974 1242 idem
988 1200 1065 1241 esse.

57 1266 123 1328 Illic
150 1268 225 1327 enim
247 1267 382 1345 probatio
401 1267 508 1345 petitur
531 1265 578 1325 hic
593 1265 793 1345 amplificatio;
815 1268 890 1325 sicut
909 1267 937 1324 in
960 1263 1066 1343 Oppia-

57 1353 125 1411 nico
141 1368 200 1410 non
222 1351 249 1410 id
266 1353 360 1428 agitur
376 1353 404 1410 in
419 1350 468 1410 illa
489 1353 723 1428 comparatione,
747 1351 848 1411 atille
867 1350 943 1409 male
963 1348 1069 1408 lecerit

57 1436 114 1496 sed
129 1444 159 1494 ut
174 1435 266 1514 peius.
304 1433 357 1494 Est
378 1444 474 1494 tamen
489 1451 649 1512 quanquam
667 1435 846 1495 diversarum
867 1453 963 1494 rerum
979 1450 1067 1511 quae·

58 1520 124 1581 dam
144 1520 259 1578 vicinia.
306 1518 448 1597 Repetam
470 1520 567 1596 itaque
589 1520 636 1579 hic
666 1534 782 1596 quoque
805 1519 898 1595 idem,
922 1534 979 1596 quo
1003 1535 1066 1576 sum

58 1604 121 1664 illie
141 1622 227 1679 usus,
252 1602 417 1682 exemplum
439 1602 571 1662 sednon
593 1605 622 1662 in
647 1604 768 1664 eundem
785 1622 877 1663 usum.
924 1601 997 1662 Nam
1011 1601 1110 1665 hocltt

58 1688 126 1748 mihi
148 1687 357 1748 ostendendum
381 1695 442 1761 est,
467 1687 593 1764 augendi
612 1689 705 1764 gratia
725 1703 784 1746 non
805 1696 865 1746 tota
890 1687 976 1747 modo
998 1687 1067 1745 totis

58 1771 221 1833 sedetiam
243 1780 342 1851 partes
370 1771 501 1849 partibus
527 1773 701 1849 comparari:
728 1772 806 1830 sicut
828 1770 885 1830 hoc
910 1771 996 1845 loco,
1018 1767 1068 1830 nin

58 1874 132 1918 aero
146 1859 197 1918 vir
210 1857 416 1934 amplissimus
433 1853 467 1914 P.
483 1853 607 1932 Scipio,
628 1855 767 1934 pontifex
781 1857 944 1931 mammes,
966 1855 1066 1914 Grae-

59 1941 149 2003 cltum
165 1941 364 2008 mediocriter
385 1938 623 2018 labefactantem
643 1946 756 1999 statum
777 1940 825 1999 rei
840 1939 986 2017 publicae
997 1939 1066 2016 pri-

20 2057 24 2065 ·
58 2034 149 2088 octies
163 2026 333 2104 interfecit:
352 2021 516 2084 Catilinam
538 2023 643 2084 orbem
664 2028 770 2083 terroe
794 2025 891 2084 cosule
911 2031 1003 2101 atque
1018 2023 1067 2082 in-

58 2111 316 2175 cendio-eastum
338 2109 507 2186 cupientem
529 2126 586 2168 nos
606 2108 746 2170 consules
765 2107 984 2186 perferemus?
1014 2104 1110 2170 Hiolt

60 2201 91 2253 et
106 2191 230 2254 Catilina
246 2192 379 2254 Graccho
403 2200 432 2251 et
453 2200 544 2251 status
567 2192 610 2251 rei
633 2190 770 2269 publicae
795 2190 858 2250 orbi
880 2199 1021 2250 terrarum
1038 2199 1067 2250 et

58 2277 216 2338 mediocris
232 2277 419 2338 labefactatio
439 2276 522 2335 caedi
544 2285 573 2335 et
589 2275 729 2335 incendiis
748 2284 778 2334 et
792 2276 947 2335 vastationi
964 2284 992 2334 et
1008 2275 1066 2352 pri·

58 2371 143 2423 vatus
170 2362 339 2422 consulibus
365 2369 564 2438 comparatum
594 2378 668 2439 quae
694 2360 718 2419 si
744 2361 807 2438 quis
830 2360 952 2420 dilatare
977 2358 1066 2418 velit:

59 2445 165 2526 plenos
184 2447 297 2526 singula
315 2446 398 2506 locos
419 2444 535 2504 hahent.

145 2529 224 2605 Quas
248 2532 306 2591 dixi
335 2548 389 2609 per
405 2525 752 2590 'ratiocinationem
778 2527 841 2586 fieri
868 2525 1108 2603 amplificatio-15

59 2633 130 2690 nes,
152 2616 324 2690 viderimus,
350 2633 385 2674 an
401 2614 470 2673 satis
487 2614 607 2692 proprio
622 2611 714 2671 verbo
733 2610 966 2688 significaverim.
1003 2606 1067 2667 Nec

61 2716 125 2759 sum
140 2701 169 2758 in
183 2699 241 2759 hoc
257 2699 418 2772 sollicitus,
441 2698 507 2758 dum
520 2716 569 2757 res
585 2698 649 2776 ipsa
664 2694 829 2756 volentibus
845 2693 961 2752 discere
978 2709 1066 2771 appa·

59 2792 134 2844 reat.
181 2782 245 2843 Hoc
261 2801 322 2842 sum
340 2791 435 2842 tamen
452 2791 586 2863 secutus,
612 2781 688 2859 quod
705 2779 778 2839 haec
794 2777 980 2855 amplificatio
998 2777 1066 2837 alibi

59 2868 157 2947 posita
174 2878 218 2928 est
234 2867 302 2928 alibi
318 2866 409 2942 valet,
426 2875 457 2925 ut
473 2863 550 2925 aliud
567 2873 681 2924 crescat
698 2864 774 2925 aliud
789 2871 926 2939 angelum
949 2861 1066 2922 indeed

59 2952 101 3028 id,
117 2953 195 3031 quod
212 2951 315 3012 extolli
329 2951 477 3026 volumus,
493 2950 606 3009 rationo
624 2949 745 3009 ducitur.
781 2945 955 3006 Obiecturus
976 2944 1108 3010 Anto-16

59 3038 109 3097 nio
131 3035 236 3096 Cicero
257 3054 366 3095 merum
387 3044 417 3095 et
436 3036 593 3110 vomitum,
617 3032 671 3110 Tu,
693 3033 799 3111 inquit,
820 3032 889 3093 istis
908 3031 1064 3109 icombus,

60 3122 129 3183 istis
149 3122 313 3196 lateribus,
334 3122 396 3182 isto
416 3120 607 3199 plauiotoria
629 3120 719 3181 totius
748 3117 889 3195 corpoeis
909 3113 1063 3193 firmitate.

62 3204 138 3280 Quid
156 3206 256 3266 lauces
275 3214 305 3265 et
327 3204 419 3264 latera
441 3203 477 3263 ad
498 3199 688 3263 ebrietatem?
731 3200 846 3261 Minime
869 3206 935 3258 sunt
959 3199 1063 3256 otiosa.

61 3288 135 3351 Nam
150 3291 343 3368 respicientes
361 3288 397 3348 ad
413 3289 487 3348 haec
503 3303 656 3365 possumus
675 3287 845 3359 aestimare,
864 3289 998 3362 quantum
1013 3279 1065 3339 ille

61 3376 122 3435 vini
137 3376 164 3434 in
179 3374 303 3453 Hippiae
319 3373 425 3452 nuptiis
439 3371 623 3447 exhauserit,
645 3369 723 3448 quod
738 3369 816 3429 ierne
833 3378 862 3427 et
878 3381 1066 3446 concoquere

63 3479 123 3521 non
144 3468 247 3541 posset
265 3458 316 3518 illa
338 3457 471 3535 corporis
493 3455 665 3532 gladiatoria
680 3454 821 3513 firmitate.
858 3451 959 3529 Ergo,
980 3452 1005 3509 si
1028 3466 1070 3509 ex

61 3547 121 3606 ulio
146 3543 294 3620 colligitur
317 3539 408 3619 aliml,
430 3557 486 3600 nec
508 3540 699 3622 improprium
713 3555 773 3599 nec
786 3537 964 3677 innixtqtpm
972 3544 1092 3593 nemen
