<?xml version="1.0" encoding="UTF-8"?>
<!DOCTYPE html PUBLIC "-//W3C//DTD XHTML 1.0 Transitional//EN"
    "http://www.w3.org/TR/xhtml1/DTD/xhtml1-transitional.dtd">
<html xmlns="http://www.w3.org/1999/xhtml" xml:lang="en" lang="en">
 <head>
  <title>
</title>
<meta http-equiv="Content-Type" content="text/html;charset=utf-8" />
  <meta name='ocr-system' content='tesseract 3.04.00' />
  <meta name='ocr-capabilities' content='ocr_page ocr_carea ocr_par ocr_line ocrx_word'/>
</head>
<body>
  <div class='ocr_page' id='page_1' title='image "./mfabiiquintilia08quingoog_0026.png"; bbox 0 0 2408 3854; ppageno 0'>
   <div class='ocr_carea' id='block_1_1' title="bbox 422 589 708 656">
    <p class='ocr_par' dir='ltr' id='par_1_1' title="bbox 422 589 708 656">
     <span class='ocr_line' id='line_1_1' title="bbox 422 589 708 656; baseline 0.003 -1"><span class='ocrx_word' id='word_1_1' title='bbox 422 589 602 655; x_wconf 82' lang='lat' dir='ltr'>LIBER</span> <span class='ocrx_word' id='word_1_2' title='bbox 630 590 708 656; x_wconf 82' lang='lat' dir='ltr'>VII.</span> 
     </span>
    </p>
   </div>
   <div class='ocr_carea' id='block_1_2' title="bbox 56 762 1065 1042">
    <p class='ocr_par' dir='ltr' id='par_1_2' title="bbox 56 762 1065 1042">
     <span class='ocr_line' id='line_1_2' title="bbox 56 762 1063 833; baseline -0.002 -13"><span class='ocrx_word' id='word_1_3' title='bbox 56 769 135 820; x_wconf 81' lang='lat' dir='ltr'>Libro</span> <span class='ocrx_word' id='word_1_4' title='bbox 159 767 268 833; x_wconf 85' lang='lat' dir='ltr'>septimo</span> <span class='ocrx_word' id='word_1_5' title='bbox 290 765 353 820; x_wconf 77' lang='lat' dir='ltr'>haec</span> <span class='ocrx_word' id='word_1_6' title='bbox 376 763 547 812; x_wconf 85' lang='lat' dir='ltr'>continentur:</span> <span class='ocrx_word' id='word_1_7' title='bbox 570 763 617 812; x_wconf 83' lang='lat' dir='ltr'>De·</span> <span class='ocrx_word' id='word_1_8' title='bbox 630 762 807 828; x_wconf 81' lang='lat' dir='ltr'>dispositione.</span> <span class='ocrx_word' id='word_1_9' title='bbox 851 763 888 814; x_wconf 89' lang='lat' dir='ltr'>De</span> <span class='ocrx_word' id='word_1_10' title='bbox 910 767 1063 827; x_wconf 82' lang='lat' dir='ltr'>coniectum.</span> 
     </span>
     <span class='ocr_line' id='line_1_3' title="bbox 89 830 1065 901; baseline -0.002 -14"><span class='ocrx_word' id='word_1_11' title='bbox 89 837 130 888; x_wconf 87' lang='lat' dir='ltr'>De</span> <span class='ocrx_word' id='word_1_12' title='bbox 145 836 259 886; x_wconf 87' lang='lat' dir='ltr'>linitione</span> <span class='ocrx_word' id='word_1_13' title='bbox 308 833 346 882; x_wconf 88' lang='lat' dir='ltr'>De</span> <span class='ocrx_word' id='word_1_14' title='bbox 361 831 488 896; x_wconf 74' lang='lat' dir='ltr'>qualitate.</span> <span class='ocrx_word' id='word_1_15' title='bbox 535 831 572 881; x_wconf 88' lang='lat' dir='ltr'>De</span> <span class='ocrx_word' id='word_1_16' title='bbox 588 830 727 880; x_wconf 82' lang='lat' dir='ltr'>iuridiciali</span> <span class='ocrx_word' id='word_1_17' title='bbox 748 831 876 894; x_wconf 73' lang='lat' dir='ltr'>qualitate.</span> <span class='ocrx_word' id='word_1_18' title='bbox 914 833 952 884; x_wconf 91' lang='lat' dir='ltr'>De</span> <span class='ocrx_word' id='word_1_19' title='bbox 970 836 1065 901; x_wconf 91' lang='lat' dir='ltr'>scripto</span> 
     </span>
     <span class='ocr_line' id='line_1_4' title="bbox 92 899 1065 970; baseline -0.002 -15"><span class='ocrx_word' id='word_1_20' title='bbox 92 915 118 956; x_wconf 93' lang='lat' dir='ltr'>et</span> <span class='ocrx_word' id='word_1_21' title='bbox 134 905 272 955; x_wconf 85' lang='lat' dir='ltr'>voluntate.</span> <span class='ocrx_word' id='word_1_22' title='bbox 309 902 346 951; x_wconf 93' lang='lat' dir='ltr'>De</span> <span class='ocrx_word' id='word_1_23' title='bbox 360 900 461 966; x_wconf 78' lang='lat' dir='ltr'>legibus</span> <span class='ocrx_word' id='word_1_24' title='bbox 480 901 623 951; x_wconf 73' lang='lat' dir='ltr'>contrariis.</span> <span class='ocrx_word' id='word_1_25' title='bbox 657 899 694 949; x_wconf 88' lang='lat' dir='ltr'>De</span> <span class='ocrx_word' id='word_1_26' title='bbox 712 899 872 965; x_wconf 72' lang='lat' dir='ltr'>syllogismo.</span> <span class='ocrx_word' id='word_1_27' title='bbox 904 903 940 953; x_wconf 88' lang='lat' dir='ltr'>De</span> <span class='ocrx_word' id='word_1_28' title='bbox 958 905 1065 970; x_wconf 82' lang='lat' dir='ltr'>Amphi-</span> 
     </span>
     <span class='ocr_line' id='line_1_5' title="bbox 91 968 1064 1042; baseline 0.002 -19"><span class='ocrx_word' id='word_1_29' title='bbox 91 973 171 1042; x_wconf 85' lang='lat' dir='ltr'>bolia.</span> <span class='ocrx_word' id='word_1_30' title='bbox 202 973 240 1022; x_wconf 86' lang='lat' dir='ltr'>De</span> <span class='ocrx_word' id='word_1_31' title='bbox 255 971 443 1035; x_wconf 85' lang='lat' dir='ltr'>praedictorum</span> <span class='ocrx_word' id='word_1_32' title='bbox 461 976 572 1020; x_wconf 88' lang='lat' dir='ltr'>statuum</span> <span class='ocrx_word' id='word_1_33' title='bbox 590 970 748 1034; x_wconf 81' lang='lat' dir='ltr'>cognatione.</span> <span class='ocrx_word' id='word_1_34' title='bbox 777 968 814 1018; x_wconf 87' lang='lat' dir='ltr'>De</span> <span class='ocrx_word' id='word_1_35' title='bbox 831 971 857 1019; x_wconf 92' lang='lat' dir='ltr'>vi</span> <span class='ocrx_word' id='word_1_36' title='bbox 877 971 1064 1037; x_wconf 86' lang='lat' dir='ltr'>dispositionis.</span> 
     </span>
    </p>
   </div>
   <div class='ocr_carea' id='block_1_3' title="bbox 416 1107 710 1160">
    <p class='ocr_par' dir='ltr' id='par_1_3' title="bbox 416 1107 710 1160">
     <span class='ocr_line' id='line_1_6' title="bbox 416 1107 710 1160; baseline 0 -2"><span class='ocrx_word' id='word_1_37' title='bbox 416 1109 458 1159; x_wconf 71' lang='grc' dir='ltr'>ΒΕ</span> <span class='ocrx_word' id='word_1_38' title='bbox 477 1107 710 1160; x_wconf 76' lang='lat' dir='ltr'>ntsnostntottn.</span> 
     </span>
    </p>
   </div>
   <div class='ocr_carea' id='block_1_4' title="bbox 55 1199 1094 3556">
    <p class='ocr_par' dir='ltr' id='par_1_4' title="bbox 56 1199 1093 2980">
     <span class='ocr_line' id='line_1_7' title="bbox 144 1199 1065 1296; baseline 0.004 -16"><span class='ocrx_word' id='word_1_39' title='bbox 144 1199 387 1290; x_wconf 79' lang='lat' dir='ltr'>Prooemium.</span> <span class='ocrx_word' id='word_1_40' title='bbox 421 1220 465 1279; x_wconf 91' lang='lat' dir='ltr'>De</span> <span class='ocrx_word' id='word_1_41' title='bbox 477 1222 654 1296; x_wconf 87' lang='lat' dir='ltr'>inventione,</span> <span class='ocrx_word' id='word_1_42' title='bbox 671 1229 701 1279; x_wconf 93' lang='lat' dir='ltr'>ut</span> <span class='ocrx_word' id='word_1_43' title='bbox 717 1219 852 1294; x_wconf 81' lang='lat' dir='ltr'>arbitror,</span> <span class='ocrx_word' id='word_1_44' title='bbox 874 1221 944 1280; x_wconf 85' lang='lat' dir='ltr'>satis</span> <span class='ocrx_word' id='word_1_45' title='bbox 959 1222 1065 1284; x_wconf 91' lang='lat' dir='ltr'>dictum</span> 
     </span>
     <span class='ocr_line' id='line_1_8' title="bbox 56 1303 1064 1384; baseline -0.003 -15"><span class='ocrx_word' id='word_1_46' title='bbox 56 1319 114 1369; x_wconf 84' lang='lat' dir='ltr'>est.</span> <span class='ocrx_word' id='word_1_47' title='bbox 149 1308 253 1384; x_wconf 84' lang='lat' dir='ltr'>Neque</span> <span class='ocrx_word' id='word_1_48' title='bbox 270 1307 344 1364; x_wconf 88' lang='lat' dir='ltr'>enim</span> <span class='ocrx_word' id='word_1_49' title='bbox 365 1321 400 1364; x_wconf 94' lang='lat' dir='ltr'>ea</span> <span class='ocrx_word' id='word_1_50' title='bbox 420 1305 551 1380; x_wconf 88' lang='lat' dir='ltr'>demum,</span> <span class='ocrx_word' id='word_1_51' title='bbox 573 1323 648 1384; x_wconf 87' lang='lat' dir='ltr'>quae</span> <span class='ocrx_word' id='word_1_52' title='bbox 672 1305 708 1364; x_wconf 88' lang='lat' dir='ltr'>od</span> <span class='ocrx_word' id='word_1_53' title='bbox 729 1303 890 1364; x_wconf 88' lang='lat' dir='ltr'>docendum</span> <span class='ocrx_word' id='word_1_54' title='bbox 907 1306 1064 1384; x_wconf 81' lang='lat' dir='ltr'>pertinent,</span> 
     </span>
     <span class='ocr_line' id='line_1_9' title="bbox 56 1390 1062 1454; baseline -0.005 0"><span class='ocrx_word' id='word_1_55' title='bbox 56 1395 176 1454; x_wconf 86' lang='lat' dir='ltr'>executi</span> <span class='ocrx_word' id='word_1_56' title='bbox 209 1407 305 1448; x_wconf 89' lang='lat' dir='ltr'>sumus</span> <span class='ocrx_word' id='word_1_57' title='bbox 330 1406 431 1447; x_wconf 89' lang='lat' dir='ltr'>verum</span> <span class='ocrx_word' id='word_1_58' title='bbox 458 1390 543 1449; x_wconf 88' lang='lat' dir='ltr'>etiam</span> <span class='ocrx_word' id='word_1_59' title='bbox 567 1398 661 1448; x_wconf 91' lang='lat' dir='ltr'>motus</span> <span class='ocrx_word' id='word_1_60' title='bbox 686 1391 842 1448; x_wconf 90' lang='lat' dir='ltr'>animorum</span> <span class='ocrx_word' id='word_1_61' title='bbox 870 1391 1062 1450; x_wconf 82' lang='lat' dir='ltr'>tractavimus.</span> 
     </span>
     <span class='ocr_line' id='line_1_10' title="bbox 56 1472 1065 1552; baseline -0.003 -14"><span class='ocrx_word' id='word_1_62' title='bbox 56 1477 118 1538; x_wconf 89' lang='lat' dir='ltr'>Sed</span> <span class='ocrx_word' id='word_1_63' title='bbox 132 1486 163 1536; x_wconf 90' lang='lat' dir='ltr'>nt</span> <span class='ocrx_word' id='word_1_64' title='bbox 179 1490 270 1552; x_wconf 88' lang='lat' dir='ltr'>opera</span> <span class='ocrx_word' id='word_1_65' title='bbox 287 1472 484 1532; x_wconf 88' lang='lat' dir='ltr'>extruentibus</span> <span class='ocrx_word' id='word_1_66' title='bbox 503 1475 573 1532; x_wconf 89' lang='lat' dir='ltr'>satis</span> <span class='ocrx_word' id='word_1_67' title='bbox 589 1481 717 1547; x_wconf 89' lang='lat' dir='ltr'>nonest,</span> <span class='ocrx_word' id='word_1_68' title='bbox 733 1489 804 1532; x_wconf 78' lang='lat' dir='ltr'>saxu</span> <span class='ocrx_word' id='word_1_69' title='bbox 816 1481 902 1550; x_wconf 90' lang='lat' dir='ltr'>atque</span> <span class='ocrx_word' id='word_1_70' title='bbox 917 1477 1065 1535; x_wconf 83' lang='lat' dir='ltr'>materiam</span> 
     </span>
     <span class='ocr_line' id='line_1_11' title="bbox 56 1556 1065 1634; baseline -0.004 -13"><span class='ocrx_word' id='word_1_71' title='bbox 56 1570 88 1621; x_wconf 84' lang='lat' dir='ltr'>et</span> <span class='ocrx_word' id='word_1_72' title='bbox 110 1569 210 1620; x_wconf 88' lang='lat' dir='ltr'>cetera</span> <span class='ocrx_word' id='word_1_73' title='bbox 232 1557 394 1618; x_wconf 83' lang='lat' dir='ltr'>aedificanti</span> <span class='ocrx_word' id='word_1_74' title='bbox 423 1556 503 1616; x_wconf 86' lang='lat' dir='ltr'>utilia</span> <span class='ocrx_word' id='word_1_75' title='bbox 527 1573 706 1634; x_wconf 81' lang='lat' dir='ltr'>congerere,</span> <span class='ocrx_word' id='word_1_76' title='bbox 736 1557 790 1615; x_wconf 90' lang='lat' dir='ltr'>nisi</span> <span class='ocrx_word' id='word_1_77' title='bbox 813 1556 1000 1634; x_wconf 86' lang='lat' dir='ltr'>disponendis</span> <span class='ocrx_word' id='word_1_78' title='bbox 1022 1561 1065 1618; x_wconf 88' lang='lat' dir='ltr'>eis</span> 
     </span>
     <span class='ocr_line' id='line_1_12' title="bbox 56 1637 1064 1720; baseline -0.004 -15"><span class='ocrx_word' id='word_1_79' title='bbox 56 1637 300 1720; x_wconf 83' lang='lat' dir='ltr'>collocandisque</span> <span class='ocrx_word' id='word_1_80' title='bbox 322 1640 472 1700; x_wconf 85' lang='lat' dir='ltr'>artificium</span> <span class='ocrx_word' id='word_1_81' title='bbox 499 1659 598 1700; x_wconf 87' lang='lat' dir='ltr'>manus</span> <span class='ocrx_word' id='word_1_82' title='bbox 621 1640 806 1700; x_wconf 88' lang='lat' dir='ltr'>adhibeatur:</span> <span class='ocrx_word' id='word_1_83' title='bbox 830 1642 920 1700; x_wconf 89' lang='lat' dir='ltr'>sicin</span> <span class='ocrx_word' id='word_1_84' title='bbox 941 1640 1064 1703; x_wconf 91' lang='lat' dir='ltr'>dicendo</span> 
     </span>
     <span class='ocr_line' id='line_1_13' title="bbox 56 1724 1064 1804; baseline -0.003 -16"><span class='ocrx_word' id='word_1_85' title='bbox 56 1727 218 1804; x_wconf 87' lang='lat' dir='ltr'>quamlibet</span> <span class='ocrx_word' id='word_1_86' title='bbox 232 1724 380 1784; x_wconf 88' lang='lat' dir='ltr'>abundans</span> <span class='ocrx_word' id='word_1_87' title='bbox 396 1742 492 1783; x_wconf 88' lang='lat' dir='ltr'>rerum</span> <span class='ocrx_word' id='word_1_88' title='bbox 510 1727 595 1802; x_wconf 90' lang='lat' dir='ltr'>copia</span> <span class='ocrx_word' id='word_1_89' title='bbox 610 1724 753 1784; x_wconf 89' lang='lat' dir='ltr'>cumulum</span> <span class='ocrx_word' id='word_1_90' title='bbox 775 1733 881 1784; x_wconf 91' lang='lat' dir='ltr'>tantum</span> <span class='ocrx_word' id='word_1_91' title='bbox 903 1725 1008 1785; x_wconf 83' lang='lat' dir='ltr'>babent</span> <span class='ocrx_word' id='word_1_92' title='bbox 1024 1737 1064 1785; x_wconf 88' lang='lat' dir='ltr'>at-</span> 
     </span>
     <span class='ocr_line' id='line_1_14' title="bbox 56 1807 1064 1890; baseline -0.001 -20"><span class='ocrx_word' id='word_1_93' title='bbox 56 1830 116 1890; x_wconf 88' lang='lat' dir='ltr'>que</span> <span class='ocrx_word' id='word_1_94' title='bbox 134 1818 318 1888; x_wconf 83' lang='lat' dir='ltr'>congestum,</span> <span class='ocrx_word' id='word_1_95' title='bbox 340 1809 394 1872; x_wconf 86' lang='lat' dir='ltr'>nisi</span> <span class='ocrx_word' id='word_1_96' title='bbox 409 1809 475 1867; x_wconf 86' lang='lat' dir='ltr'>illas</span> <span class='ocrx_word' id='word_1_97' title='bbox 490 1809 590 1868; x_wconf 90' lang='lat' dir='ltr'>eadem</span> <span class='ocrx_word' id='word_1_98' title='bbox 614 1809 817 1886; x_wconf 88' lang='lat' dir='ltr'>dispositio</span> <span class='ocrx_word' id='word_1_99' title='bbox 834 1809 862 1866; x_wconf 90' lang='lat' dir='ltr'>in</span> <span class='ocrx_word' id='word_1_100' title='bbox 878 1807 1007 1868; x_wconf 91' lang='lat' dir='ltr'>ordinem</span> <span class='ocrx_word' id='word_1_101' title='bbox 1024 1810 1064 1869; x_wconf 92' lang='lat' dir='ltr'>di-</span> 
     </span>
     <span class='ocr_line' id='line_1_15' title="bbox 56 1890 1092 1974; baseline -0.003 -20"><span class='ocrx_word' id='word_1_102' title='bbox 56 1904 161 1974; x_wconf 84' lang='lat' dir='ltr'>gestas</span> <span class='ocrx_word' id='word_1_103' title='bbox 183 1904 269 1971; x_wconf 83' lang='lat' dir='ltr'>atque</span> <span class='ocrx_word' id='word_1_104' title='bbox 289 1895 364 1951; x_wconf 84' lang='lat' dir='ltr'>inter</span> <span class='ocrx_word' id='word_1_105' title='bbox 387 1910 419 1951; x_wconf 91' lang='lat' dir='ltr'>se</span> <span class='ocrx_word' id='word_1_106' title='bbox 442 1893 610 1951; x_wconf 90' lang='lat' dir='ltr'>commissas</span> <span class='ocrx_word' id='word_1_107' title='bbox 626 1892 797 1952; x_wconf 85' lang='lat' dir='ltr'>devinxerit.</span> <span class='ocrx_word' id='word_1_108' title='bbox 837 1890 901 1951; x_wconf 91' lang='lat' dir='ltr'>Nec</span> <span class='ocrx_word' id='word_1_109' title='bbox 922 1894 1092 1958; x_wconf 66' lang='lat' dir='ltr'>immeritos</span> 
     </span>
     <span class='ocr_line' id='line_1_16' title="bbox 56 1968 1064 2055; baseline -0.004 -16"><span class='ocrx_word' id='word_1_110' title='bbox 56 1979 188 2039; x_wconf 87' lang='lat' dir='ltr'>secunda</span> <span class='ocrx_word' id='word_1_111' title='bbox 205 1979 330 2055; x_wconf 87' lang='lat' dir='ltr'>quinque</span> <span class='ocrx_word' id='word_1_112' title='bbox 346 1968 468 2053; x_wconf 82' lang='lat' dir='ltr'>partium</span> <span class='ocrx_word' id='word_1_113' title='bbox 483 1977 578 2053; x_wconf 88' lang='lat' dir='ltr'>posita</span> <span class='ocrx_word' id='word_1_114' title='bbox 594 1985 655 2050; x_wconf 89' lang='lat' dir='ltr'>ost,</span> <span class='ocrx_word' id='word_1_115' title='bbox 680 1993 744 2035; x_wconf 90' lang='lat' dir='ltr'>cum</span> <span class='ocrx_word' id='word_1_116' title='bbox 764 1976 825 2033; x_wconf 89' lang='lat' dir='ltr'>sine</span> <span class='ocrx_word' id='word_1_117' title='bbox 842 1993 877 2034; x_wconf 88' lang='lat' dir='ltr'>eo</span> <span class='ocrx_word' id='word_1_118' title='bbox 892 1977 973 2053; x_wconf 90' lang='lat' dir='ltr'>prior</span> <span class='ocrx_word' id='word_1_119' title='bbox 994 1976 1064 2036; x_wconf 85' lang='lat' dir='ltr'>nihil</span> 
     </span>
     <span class='ocr_line' id='line_1_17' title="bbox 56 2058 1063 2138; baseline -0.004 -15"><span class='ocrx_word' id='word_1_120' title='bbox 56 2063 165 2122; x_wconf 86' lang='lat' dir='ltr'>valeat.</span> <span class='ocrx_word' id='word_1_121' title='bbox 198 2060 302 2138; x_wconf 88' lang='lat' dir='ltr'>Neque</span> <span class='ocrx_word' id='word_1_122' title='bbox 317 2062 392 2119; x_wconf 90' lang='lat' dir='ltr'>enim</span> <span class='ocrx_word' id='word_1_123' title='bbox 406 2077 568 2138; x_wconf 88' lang='lat' dir='ltr'>quanquam</span> <span class='ocrx_word' id='word_1_124' title='bbox 583 2061 655 2120; x_wconf 82' lang='lat' dir='ltr'>fusis</span> <span class='ocrx_word' id='word_1_125' title='bbox 671 2058 802 2118; x_wconf 89' lang='lat' dir='ltr'>omnibus</span> <span class='ocrx_word' id='word_1_126' title='bbox 818 2059 953 2119; x_wconf 87' lang='lat' dir='ltr'>membris</span> <span class='ocrx_word' id='word_1_127' title='bbox 970 2069 1063 2120; x_wconf 83' lang='lat' dir='ltr'>statuo</span> 
     </span>
     <span class='ocr_line' id='line_1_18' title="bbox 56 2143 1064 2222; baseline -0.002 -16"><span class='ocrx_word' id='word_1_128' title='bbox 56 2149 105 2221; x_wconf 91' lang='lat' dir='ltr'>sit,</span> <span class='ocrx_word' id='word_1_129' title='bbox 122 2147 177 2205; x_wconf 91' lang='lat' dir='ltr'>nisi</span> <span class='ocrx_word' id='word_1_130' title='bbox 194 2144 368 2218; x_wconf 85' lang='lat' dir='ltr'>collocetur,</span> <span class='ocrx_word' id='word_1_131' title='bbox 386 2153 415 2202; x_wconf 90' lang='lat' dir='ltr'>et</span> <span class='ocrx_word' id='word_1_132' title='bbox 426 2145 450 2202; x_wconf 92' lang='lat' dir='ltr'>si</span> <span class='ocrx_word' id='word_1_133' title='bbox 461 2161 545 2222; x_wconf 88' lang='lat' dir='ltr'>quam</span> <span class='ocrx_word' id='word_1_134' title='bbox 556 2145 584 2202; x_wconf 90' lang='lat' dir='ltr'>in</span> <span class='ocrx_word' id='word_1_135' title='bbox 597 2143 768 2221; x_wconf 86' lang='lat' dir='ltr'>corporibus</span> <span class='ocrx_word' id='word_1_136' title='bbox 784 2147 891 2203; x_wconf 90' lang='lat' dir='ltr'>nostris</span> <span class='ocrx_word' id='word_1_137' title='bbox 903 2143 1064 2204; x_wconf 90' lang='lat' dir='ltr'>aliorumve</span> 
     </span>
     <span class='ocr_line' id='line_1_19' title="bbox 56 2226 1064 2306; baseline -0.002 -15"><span class='ocrx_word' id='word_1_138' title='bbox 56 2229 223 2292; x_wconf 91' lang='lat' dir='ltr'>animalium</span> <span class='ocrx_word' id='word_1_139' title='bbox 235 2237 345 2306; x_wconf 86' lang='lat' dir='ltr'>partem</span> <span class='ocrx_word' id='word_1_140' title='bbox 361 2229 507 2305; x_wconf 84' lang='lat' dir='ltr'>permutes</span> <span class='ocrx_word' id='word_1_141' title='bbox 526 2237 555 2287; x_wconf 90' lang='lat' dir='ltr'>et</span> <span class='ocrx_word' id='word_1_142' title='bbox 569 2228 738 2302; x_wconf 82' lang='lat' dir='ltr'>transieras,</span> <span class='ocrx_word' id='word_1_143' title='bbox 756 2226 827 2287; x_wconf 87' lang='lat' dir='ltr'>licet</span> <span class='ocrx_word' id='word_1_144' title='bbox 841 2227 947 2288; x_wconf 88' lang='lat' dir='ltr'>babeat</span> <span class='ocrx_word' id='word_1_145' title='bbox 963 2229 1064 2306; x_wconf 85' lang='lat' dir='ltr'>eadem</span> 
     </span>
     <span class='ocr_line' id='line_1_20' title="bbox 56 2311 1065 2392; baseline -0.002 -18"><span class='ocrx_word' id='word_1_146' title='bbox 56 2315 164 2387; x_wconf 85' lang='lat' dir='ltr'>omnia,</span> <span class='ocrx_word' id='word_1_147' title='bbox 184 2312 347 2392; x_wconf 80' lang='lat' dir='ltr'>prodigium</span> <span class='ocrx_word' id='word_1_148' title='bbox 363 2314 400 2371; x_wconf 90' lang='lat' dir='ltr'>sit</span> <span class='ocrx_word' id='word_1_149' title='bbox 418 2320 521 2370; x_wconf 89' lang='lat' dir='ltr'>tamen.</span> <span class='ocrx_word' id='word_1_150' title='bbox 553 2311 590 2371; x_wconf 80' lang='lat' dir='ltr'>nt</span> <span class='ocrx_word' id='word_1_151' title='bbox 601 2321 680 2371; x_wconf 84' lang='lat' dir='ltr'>ortus</span> <span class='ocrx_word' id='word_1_152' title='bbox 697 2315 782 2371; x_wconf 83' lang='lat' dir='ltr'>etiam</span> <span class='ocrx_word' id='word_1_153' title='bbox 794 2311 899 2372; x_wconf 89' lang='lat' dir='ltr'>leviter</span> <span class='ocrx_word' id='word_1_154' title='bbox 914 2312 983 2372; x_wconf 90' lang='lat' dir='ltr'>loco</span> <span class='ocrx_word' id='word_1_155' title='bbox 996 2315 1065 2372; x_wconf 92' lang='lat' dir='ltr'>moti</span> 
     </span>
     <span class='ocr_line' id='line_1_21' title="bbox 56 2396 1064 2478; baseline -0.003 -20"><span class='ocrx_word' id='word_1_156' title='bbox 56 2399 199 2478; x_wconf 90' lang='lat' dir='ltr'>perdunt,</span> <span class='ocrx_word' id='word_1_157' title='bbox 224 2400 281 2474; x_wconf 88' lang='lat' dir='ltr'>quo</span> <span class='ocrx_word' id='word_1_158' title='bbox 298 2399 468 2472; x_wconf 82' lang='lat' dir='ltr'>viguerunt,</span> <span class='ocrx_word' id='word_1_159' title='bbox 492 2413 589 2469; x_wconf 89' lang='lat' dir='ltr'>usum,</span> <span class='ocrx_word' id='word_1_160' title='bbox 613 2405 641 2455; x_wconf 88' lang='lat' dir='ltr'>et</span> <span class='ocrx_word' id='word_1_161' title='bbox 657 2396 761 2456; x_wconf 83' lang='lat' dir='ltr'>turbati</span> <span class='ocrx_word' id='word_1_162' title='bbox 778 2399 924 2456; x_wconf 87' lang='lat' dir='ltr'>exercitus</span> <span class='ocrx_word' id='word_1_163' title='bbox 940 2396 994 2455; x_wconf 91' lang='lat' dir='ltr'>sibi</span> <span class='ocrx_word' id='word_1_164' title='bbox 1009 2397 1064 2475; x_wconf 88' lang='lat' dir='ltr'>ipsi</span> 
     </span>
     <span class='ocr_line' id='line_1_22' title="bbox 56 2478 1093 2559; baseline -0.001 -18"><span class='ocrx_word' id='word_1_165' title='bbox 56 2491 124 2542; x_wconf 90' lang='lat' dir='ltr'>sunt</span> <span class='ocrx_word' id='word_1_166' title='bbox 140 2479 354 2559; x_wconf 89' lang='lat' dir='ltr'>impedimento.</span> <span class='ocrx_word' id='word_1_167' title='bbox 395 2478 458 2538; x_wconf 91' lang='lat' dir='ltr'>Nec</span> <span class='ocrx_word' id='word_1_168' title='bbox 474 2479 540 2538; x_wconf 90' lang='lat' dir='ltr'>mihi</span> <span class='ocrx_word' id='word_1_169' title='bbox 555 2480 688 2550; x_wconf 88' lang='lat' dir='ltr'>videntur</span> <span class='ocrx_word' id='word_1_170' title='bbox 709 2497 825 2555; x_wconf 86' lang='lat' dir='ltr'>errare,</span> <span class='ocrx_word' id='word_1_171' title='bbox 848 2482 895 2558; x_wconf 90' lang='lat' dir='ltr'>qni</span> <span class='ocrx_word' id='word_1_172' title='bbox 911 2481 1003 2558; x_wconf 84' lang='lat' dir='ltr'>ipsam</span> <span class='ocrx_word' id='word_1_173' title='bbox 1018 2496 1093 2548; x_wconf 77' lang='lat' dir='ltr'>rea</span> 
     </span>
     <span class='ocr_line' id='line_1_23' title="bbox 56 2563 1065 2642; baseline -0.002 -17"><span class='ocrx_word' id='word_1_174' title='bbox 56 2584 120 2625; x_wconf 77' lang='lat' dir='ltr'>rum</span> <span class='ocrx_word' id='word_1_175' title='bbox 136 2573 265 2624; x_wconf 83' lang='lat' dir='ltr'>naturam</span> <span class='ocrx_word' id='word_1_176' title='bbox 286 2573 363 2623; x_wconf 85' lang='lat' dir='ltr'>stare</span> <span class='ocrx_word' id='word_1_177' title='bbox 380 2563 481 2622; x_wconf 90' lang='lat' dir='ltr'>ordine</span> <span class='ocrx_word' id='word_1_178' title='bbox 500 2573 614 2641; x_wconf 88' lang='lat' dir='ltr'>putant,</span> <span class='ocrx_word' id='word_1_179' title='bbox 637 2579 694 2642; x_wconf 91' lang='lat' dir='ltr'>qno</span> <span class='ocrx_word' id='word_1_180' title='bbox 717 2563 840 2623; x_wconf 81' lang='lat' dir='ltr'>confuso</span> <span class='ocrx_word' id='word_1_181' title='bbox 859 2565 988 2642; x_wconf 88' lang='lat' dir='ltr'>peritura</span> <span class='ocrx_word' id='word_1_182' title='bbox 1009 2566 1065 2624; x_wconf 90' lang='lat' dir='ltr'>sint</span> 
     </span>
     <span class='ocr_line' id='line_1_24' title="bbox 56 2646 1065 2710; baseline -0.001 -1"><span class='ocrx_word' id='word_1_183' title='bbox 56 2651 164 2710; x_wconf 90' lang='lat' dir='ltr'>omnia.</span> <span class='ocrx_word' id='word_1_184' title='bbox 205 2649 253 2708; x_wconf 87' lang='lat' dir='ltr'>Sic</span> <span class='ocrx_word' id='word_1_185' title='bbox 285 2650 378 2707; x_wconf 84' lang='lat' dir='ltr'>oratio</span> <span class='ocrx_word' id='word_1_186' title='bbox 400 2665 502 2706; x_wconf 88' lang='lat' dir='ltr'>carens</span> <span class='ocrx_word' id='word_1_187' title='bbox 524 2646 579 2706; x_wconf 89' lang='lat' dir='ltr'>bac</span> <span class='ocrx_word' id='word_1_188' title='bbox 602 2650 707 2707; x_wconf 88' lang='lat' dir='ltr'>virtute</span> <span class='ocrx_word' id='word_1_189' title='bbox 732 2646 920 2707; x_wconf 86' lang='lat' dir='ltr'>tumultuetur</span> <span class='ocrx_word' id='word_1_190' title='bbox 940 2666 1065 2708; x_wconf 88' lang='lat' dir='ltr'>necesse</span> 
     </span>
     <span class='ocr_line' id='line_1_25' title="bbox 56 2730 1064 2810; baseline 0 -17"><span class='ocrx_word' id='word_1_191' title='bbox 56 2742 150 2793; x_wconf 88' lang='lat' dir='ltr'>estet</span> <span class='ocrx_word' id='word_1_192' title='bbox 167 2734 229 2791; x_wconf 88' lang='lat' dir='ltr'>siue</span> <span class='ocrx_word' id='word_1_193' title='bbox 245 2740 362 2791; x_wconf 89' lang='lat' dir='ltr'>rectore</span> <span class='ocrx_word' id='word_1_194' title='bbox 378 2731 470 2790; x_wconf 86' lang='lat' dir='ltr'>fluitet</span> <span class='ocrx_word' id='word_1_195' title='bbox 487 2748 542 2789; x_wconf 88' lang='lat' dir='ltr'>uec</span> <span class='ocrx_word' id='word_1_196' title='bbox 558 2732 714 2792; x_wconf 85' lang='lat' dir='ltr'>cohaereat</span> <span class='ocrx_word' id='word_1_197' title='bbox 734 2730 806 2806; x_wconf 90' lang='lat' dir='ltr'>sibi,</span> <span class='ocrx_word' id='word_1_198' title='bbox 833 2732 921 2792; x_wconf 86' lang='lat' dir='ltr'>multo</span> <span class='ocrx_word' id='word_1_199' title='bbox 938 2741 1064 2810; x_wconf 88' lang='lat' dir='ltr'>repetat,</span> 
     </span>
     <span class='ocr_line' id='line_1_26' title="bbox 56 2816 1064 2892; baseline 0 -15"><span class='ocrx_word' id='word_1_200' title='bbox 56 2817 146 2877; x_wconf 86' lang='lat' dir='ltr'>multa</span> <span class='ocrx_word' id='word_1_201' title='bbox 162 2824 300 2890; x_wconf 84' lang='lat' dir='ltr'>transcat,</span> <span class='ocrx_word' id='word_1_202' title='bbox 316 2816 396 2875; x_wconf 93' lang='lat' dir='ltr'>velut</span> <span class='ocrx_word' id='word_1_203' title='bbox 412 2825 497 2874; x_wconf 90' lang='lat' dir='ltr'>nocte</span> <span class='ocrx_word' id='word_1_204' title='bbox 514 2817 541 2873; x_wconf 90' lang='lat' dir='ltr'>in</span> <span class='ocrx_word' id='word_1_205' title='bbox 561 2818 667 2892; x_wconf 76' lang='lat' dir='ltr'>ignotis</span> <span class='ocrx_word' id='word_1_206' title='bbox 682 2816 755 2875; x_wconf 90' lang='lat' dir='ltr'>locis</span> <span class='ocrx_word' id='word_1_207' title='bbox 773 2834 889 2892; x_wconf 89' lang='lat' dir='ltr'>errans,</span> <span class='ocrx_word' id='word_1_208' title='bbox 915 2835 970 2876; x_wconf 88' lang='lat' dir='ltr'>neo</span> <span class='ocrx_word' id='word_1_209' title='bbox 984 2819 1064 2877; x_wconf 89' lang='lat' dir='ltr'>initio</span> 
     </span>
     <span class='ocr_line' id='line_1_27' title="bbox 56 2900 1014 2980; baseline -0.002 -20"><span class='ocrx_word' id='word_1_210' title='bbox 56 2919 113 2960; x_wconf 89' lang='lat' dir='ltr'>nec</span> <span class='ocrx_word' id='word_1_211' title='bbox 130 2901 187 2960; x_wconf 90' lang='lat' dir='ltr'>iine</span> <span class='ocrx_word' id='word_1_212' title='bbox 203 2902 356 2978; x_wconf 88' lang='lat' dir='ltr'>proposito</span> <span class='ocrx_word' id='word_1_213' title='bbox 373 2916 470 2958; x_wconf 89' lang='lat' dir='ltr'>casum</span> <span class='ocrx_word' id='word_1_214' title='bbox 488 2900 584 2977; x_wconf 89' lang='lat' dir='ltr'>potius</span> <span class='ocrx_word' id='word_1_215' title='bbox 600 2919 684 2979; x_wconf 89' lang='lat' dir='ltr'>quam</span> <span class='ocrx_word' id='word_1_216' title='bbox 699 2901 850 2960; x_wconf 89' lang='lat' dir='ltr'>consilium</span> <span class='ocrx_word' id='word_1_217' title='bbox 866 2910 1014 2980; x_wconf 87' lang='lat' dir='ltr'>sequatur.</span> 
     </span>
    </p>

    <p class='ocr_par' dir='ltr' id='par_1_5' title="bbox 55 2982 1094 3484">
     <span class='ocr_line' id='line_1_28' title="bbox 145 2982 1094 3064; baseline 0.006 -21"><span class='ocrx_word' id='word_1_218' title='bbox 145 2982 331 3063; x_wconf 85' lang='lat' dir='ltr'>Quapropter</span> <span class='ocrx_word' id='word_1_219' title='bbox 346 2992 423 3043; x_wconf 89' lang='lat' dir='ltr'>totus</span> <span class='ocrx_word' id='word_1_220' title='bbox 438 2983 484 3042; x_wconf 86' lang='lat' dir='ltr'>hic</span> <span class='ocrx_word' id='word_1_221' title='bbox 496 2982 571 3042; x_wconf 92' lang='lat' dir='ltr'>liber</span> <span class='ocrx_word' id='word_1_222' title='bbox 582 2986 690 3044; x_wconf 86' lang='lat' dir='ltr'>serviat</span> <span class='ocrx_word' id='word_1_223' title='bbox 707 2985 972 3064; x_wconf 86' lang='lat' dir='ltr'>dispositioni,</span> <span class='ocrx_word' id='word_1_224' title='bbox 989 3000 1094 3064; x_wconf 76' lang='lat' dir='ltr'>quaet</span> 
     </span>
     <span class='ocr_line' id='line_1_29' title="bbox 56 3067 1063 3148; baseline 0.003 -21"><span class='ocrx_word' id='word_1_225' title='bbox 56 3069 185 3148; x_wconf 89' lang='lat' dir='ltr'>quidem,</span> <span class='ocrx_word' id='word_1_226' title='bbox 203 3071 227 3126; x_wconf 89' lang='lat' dir='ltr'>si</span> <span class='ocrx_word' id='word_1_227' title='bbox 244 3078 324 3128; x_wconf 88' lang='lat' dir='ltr'>certa</span> <span class='ocrx_word' id='word_1_228' title='bbox 338 3067 434 3145; x_wconf 85' lang='lat' dir='ltr'>aliqua</span> <span class='ocrx_word' id='word_1_229' title='bbox 449 3069 495 3126; x_wconf 90' lang='lat' dir='ltr'>via</span> <span class='ocrx_word' id='word_1_230' title='bbox 511 3068 584 3128; x_wconf 88' lang='lat' dir='ltr'>tradi</span> <span class='ocrx_word' id='word_1_231' title='bbox 596 3070 624 3128; x_wconf 90' lang='lat' dir='ltr'>in</span> <span class='ocrx_word' id='word_1_232' title='bbox 635 3086 734 3128; x_wconf 88' lang='lat' dir='ltr'>omnes</span> <span class='ocrx_word' id='word_1_233' title='bbox 749 3071 884 3130; x_wconf 87' lang='lat' dir='ltr'>materias</span> <span class='ocrx_word' id='word_1_234' title='bbox 900 3069 961 3130; x_wconf 90' lang='lat' dir='ltr'>ullo</span> <span class='ocrx_word' id='word_1_235' title='bbox 977 3071 1063 3130; x_wconf 93' lang='lat' dir='ltr'>modo</span> 
     </span>
     <span class='ocr_line' id='line_1_30' title="bbox 56 3152 1063 3231; baseline 0 -19"><span class='ocrx_word' id='word_1_236' title='bbox 56 3160 173 3231; x_wconf 89' lang='lat' dir='ltr'>posset,</span> <span class='ocrx_word' id='word_1_237' title='bbox 192 3168 249 3211; x_wconf 89' lang='lat' dir='ltr'>non</span> <span class='ocrx_word' id='word_1_238' title='bbox 265 3162 321 3212; x_wconf 89' lang='lat' dir='ltr'>tam</span> <span class='ocrx_word' id='word_1_239' title='bbox 337 3152 437 3230; x_wconf 90' lang='lat' dir='ltr'>paucis</span> <span class='ocrx_word' id='word_1_240' title='bbox 455 3153 636 3228; x_wconf 79' lang='lat' dir='ltr'>contigisset.</span> <span class='ocrx_word' id='word_1_241' title='bbox 671 3152 729 3213; x_wconf 89' lang='lat' dir='ltr'>Sed</span> <span class='ocrx_word' id='word_1_242' title='bbox 748 3171 812 3213; x_wconf 93' lang='lat' dir='ltr'>cum</span> <span class='ocrx_word' id='word_1_243' title='bbox 829 3155 955 3214; x_wconf 83' lang='lat' dir='ltr'>infinitae</span> <span class='ocrx_word' id='word_1_244' title='bbox 973 3153 1063 3212; x_wconf 89' lang='lat' dir='ltr'>litium</span> 
     </span>
     <span class='ocr_line' id='line_1_31' title="bbox 56 3236 1063 3315; baseline 0.002 -20"><span class='ocrx_word' id='word_1_245' title='bbox 56 3237 171 3296; x_wconf 76' lang='lat' dir='ltr'>formae</span> <span class='ocrx_word' id='word_1_246' title='bbox 188 3236 294 3295; x_wconf 82' lang='lat' dir='ltr'>inerint</span> <span class='ocrx_word' id='word_1_247' title='bbox 309 3236 481 3313; x_wconf 81' lang='lat' dir='ltr'>futuraeque</span> <span class='ocrx_word' id='word_1_248' title='bbox 499 3237 570 3311; x_wconf 87' lang='lat' dir='ltr'>sint,</span> <span class='ocrx_word' id='word_1_249' title='bbox 594 3248 623 3297; x_wconf 90' lang='lat' dir='ltr'>et</span> <span class='ocrx_word' id='word_1_250' title='bbox 644 3246 686 3297; x_wconf 93' lang='lat' dir='ltr'>tot</span> <span class='ocrx_word' id='word_1_251' title='bbox 702 3239 830 3298; x_wconf 86' lang='lat' dir='ltr'>saeculis</span> <span class='ocrx_word' id='word_1_252' title='bbox 848 3238 927 3298; x_wconf 85' lang='lat' dir='ltr'>nulla</span> <span class='ocrx_word' id='word_1_253' title='bbox 945 3247 1063 3315; x_wconf 90' lang='lat' dir='ltr'>reperta</span> 
     </span>
     <span class='ocr_line' id='line_1_32' title="bbox 55 3320 1064 3401; baseline 0.001 -21"><span class='ocrx_word' id='word_1_254' title='bbox 55 3323 94 3380; x_wconf 90' lang='lat' dir='ltr'>sit</span> <span class='ocrx_word' id='word_1_255' title='bbox 112 3338 218 3396; x_wconf 88' lang='lat' dir='ltr'>causa,</span> <span class='ocrx_word' id='word_1_256' title='bbox 235 3338 309 3398; x_wconf 87' lang='lat' dir='ltr'>quae</span> <span class='ocrx_word' id='word_1_257' title='bbox 325 3329 405 3380; x_wconf 89' lang='lat' dir='ltr'>esset</span> <span class='ocrx_word' id='word_1_258' title='bbox 420 3328 480 3379; x_wconf 91' lang='lat' dir='ltr'>tota</span> <span class='ocrx_word' id='word_1_259' title='bbox 496 3320 580 3380; x_wconf 82' lang='lat' dir='ltr'>alteri</span> <span class='ocrx_word' id='word_1_260' title='bbox 596 3321 711 3397; x_wconf 89' lang='lat' dir='ltr'>similis,</span> <span class='ocrx_word' id='word_1_261' title='bbox 739 3324 833 3400; x_wconf 87' lang='lat' dir='ltr'>sapiat</span> <span class='ocrx_word' id='word_1_262' title='bbox 850 3330 966 3401; x_wconf 89' lang='lat' dir='ltr'>oportet</span> <span class='ocrx_word' id='word_1_263' title='bbox 981 3330 1064 3381; x_wconf 90' lang='lat' dir='ltr'>actor</span> 
     </span>
     <span class='ocr_line' id='line_1_33' title="bbox 56 3403 1062 3484; baseline 0.003 -21"><span class='ocrx_word' id='word_1_264' title='bbox 56 3414 86 3463; x_wconf 84' lang='lat' dir='ltr'>et</span> <span class='ocrx_word' id='word_1_265' title='bbox 102 3403 207 3481; x_wconf 84' lang='lat' dir='ltr'>vigilet</span> <span class='ocrx_word' id='word_1_266' title='bbox 225 3413 253 3464; x_wconf 89' lang='lat' dir='ltr'>et</span> <span class='ocrx_word' id='word_1_267' title='bbox 268 3407 393 3464; x_wconf 85' lang='lat' dir='ltr'>inveniat</span> <span class='ocrx_word' id='word_1_268' title='bbox 419 3413 448 3463; x_wconf 88' lang='lat' dir='ltr'>et</span> <span class='ocrx_word' id='word_1_269' title='bbox 464 3405 571 3465; x_wconf 87' lang='lat' dir='ltr'>iudicet</span> <span class='ocrx_word' id='word_1_270' title='bbox 591 3416 620 3466; x_wconf 90' lang='lat' dir='ltr'>et</span> <span class='ocrx_word' id='word_1_271' title='bbox 642 3407 793 3466; x_wconf 89' lang='lat' dir='ltr'>consilium</span> <span class='ocrx_word' id='word_1_272' title='bbox 809 3425 825 3466; x_wconf 88' lang='lat' dir='ltr'>a</span> <span class='ocrx_word' id='word_1_273' title='bbox 841 3425 874 3464; x_wconf 90' lang='lat' dir='ltr'>se</span> <span class='ocrx_word' id='word_1_274' title='bbox 890 3406 954 3482; x_wconf 92' lang='lat' dir='ltr'>ipso</span> <span class='ocrx_word' id='word_1_275' title='bbox 971 3416 1062 3484; x_wconf 77' lang='lat' dir='ltr'>petat.</span> 
     </span>
    </p>

    <p class='ocr_par' dir='ltr' id='par_1_6' title="bbox 98 3489 905 3556">
     <span class='ocr_line' id='line_1_34' title="bbox 98 3489 905 3556; baseline -0.001 -10"><span class='ocrx_word' id='word_1_276' title='bbox 98 3509 130 3547; x_wconf 86' lang='lat' dir='ltr'>m.</span> <span class='ocrx_word' id='word_1_277' title='bbox 150 3509 174 3546; x_wconf 80' lang='lat' dir='ltr'>r.</span> <span class='ocrx_word' id='word_1_278' title='bbox 198 3509 311 3556; x_wconf 76' lang='lat' dir='ltr'>quinus.</span> <span class='ocrx_word' id='word_1_279' title='bbox 329 3493 361 3548; x_wconf 91' lang='lat' dir='ltr'>ll.</span> <span class='ocrx_word' id='word_1_280' title='bbox 886 3489 905 3545; x_wconf 71' lang='lat' dir='ltr'>i</span> 
     </span>
    </p>
   </div>
   <div class='ocr_carea' id='block_1_5' title="bbox 0 0 1208 3854">
    <p class='ocr_par' dir='ltr' id='par_1_7' title="bbox 0 0 1208 3854">
     <span class='ocr_line' id='line_1_35' title="bbox 0 0 1208 3854; baseline 0 0"><span class='ocrx_word' id='word_1_281' title='bbox 0 0 1208 3854; x_wconf 95' lang='lat' dir='ltr'> </span> 
     </span>
    </p>
   </div>
  </div>
 </body>
</html>
