2408 3854
325 213 414 262 mse.
428 212 746 276 onruon.n1n.vnr,
760 215 785 265 1.
1021 207 1062 267 47

57 388 117 432 non
138 377 290 449 pararunt,
313 367 366 427 suh
389 368 464 428 diem
487 378 643 447 quaerunt:
668 369 706 427 ita
722 370 749 426 in
768 371 915 446 oratione,
936 373 984 449 qui
1005 390 1061 433 non

57 457 130 517 satis
149 452 326 514 laborarunt.
363 452 394 512 Si
417 460 589 530 praeparata
612 453 656 510 vis
676 451 790 512 dicendi
812 454 913 513 luerit:
935 465 1018 515 erunt
1033 458 1105 522 inae

59 537 175 612 officio,
192 538 235 596 sie
251 544 282 594 ut
296 551 354 594 non
368 536 506 613 requisita
527 535 708 614 respondere
724 535 776 595 sed
792 545 822 595 ut
837 554 954 615 semper
969 542 1060 599 sensi·

57 623 113 683 bus
138 619 293 680 inhaerere
312 619 464 680 videantur
484 628 571 699 atque
593 636 646 678 eos
667 628 697 679 ιιι
720 619 819 680 umbra
842 637 949 699 eorpus
967 624 1059 701 sequi.

58 705 168 766 'lamen
182 707 211 764 iu
226 703 281 763 hae
295 705 358 782 ipse
375 721 444 764 eura
460 711 506 761 est
520 702 628 781 aliquid
643 704 723 763 satis.
755 702 826 763 Nam
841 705 955 781 Latina,
973 708 1060 783 signi·
1068 717 1100 774 31

58 790 188 862 beanda,
206 795 322 862 ornata,
338 805 402 846 eum
419 796 486 864 apte
501 796 565 845 sunt
581 786 742 862 collocata,
759 787 826 866 quid
843 790 964 868 amplius
979 790 1060 850 labo·

59 868 178 933 remus?
208 870 384 944 Quibusdam
405 881 501 931 tamen
516 870 610 930 nullus
626 879 672 930 est
691 870 754 931 linis
777 870 965 933 calumniandi
981 893 1014 933 se
1033 884 1062 934 et

59 973 125 1018 oum
144 953 265 1033 singulis
286 972 380 1033 paene
409 954 529 1030 syllabis
559 955 779 1030 commoriendi,
802 957 974 1034 quterram,
998 976 1061 1017 eum

59 1040 167 1120 optima
183 1047 248 1098 suut
264 1048 399 1117 reperta,
422 1047 563 1117 quaerunt
580 1037 703 1117 aliquid,
725 1039 801 1117 quod
817 1040 854 1098 sit
877 1042 967 1117 magis
990 1043 1060 1101 anti·

58 1141 162 1204 quurrm
186 1131 344 1198 remotum,
361 1124 550 1201 inopinatum
571 1139 627 1181 nee
641 1121 820 1199 intelligunt,
843 1125 941 1183 iacere
957 1142 1061 1184 sensus

57 1208 87 1267 in
102 1207 252 1282 oratione,
267 1208 297 1265 in
313 1223 368 1284 qna
383 1205 474 1266 verba
491 1205 649 1266 laudantur.
680 1206 723 1266 sit
737 1207 824 1282 igitur
836 1224 905 1267 eura
920 1207 1102 1267 elocutio-32

57 1292 103 1351 nis
121 1307 205 1371 quem
215 1291 357 1365 maxima,
373 1289 438 1350 dum
453 1291 578 1349 sciamus
593 1298 703 1365 tamen,
719 1289 789 1348 nihil
804 1290 959 1350 verborum
974 1309 1062 1351 eausa

57 1391 128 1436 esse
148 1374 326 1450 laciendum,
351 1391 414 1433 oum
433 1371 522 1433 verba
544 1375 607 1450 ipsa
628 1391 724 1433 rerum
739 1374 832 1450 gratia
852 1376 909 1434 sint
929 1384 1060 1454 reperta:

59 1474 179 1538 quorum
198 1474 232 1518 ea
255 1466 321 1517 sunt
342 1459 463 1517 maxime
485 1456 664 1534 probabilia,
688 1476 763 1536 quae
780 1476 896 1518 sensum
910 1460 994 1519 animi
1010 1475 1061 1517 no·

58 1542 112 1603 stri
127 1543 234 1620 optime
248 1550 382 1619 promunt
400 1550 486 1619 atque
502 1542 529 1599 in
547 1542 645 1601 animis
666 1541 805 1617 iudicum,
825 1542 902 1620 quod
917 1542 1060 1617 volumus,

59 1625 199 1687 ellieiunt.
236 1623 281 1685 lla
295 1624 401 1686 debent
416 1633 567 1703 praestare
583 1626 645 1684 sine
661 1625 748 1685 dubio
768 1635 797 1685 et
814 1627 1010 1687 admirabilem
1033 1634 1104 1690 etita

58 1708 210 1770 ineundam
226 1711 399 1777 orationem
421 1726 522 1768 verum
542 1708 737 1768 admirabilem
759 1726 817 1769 non
833 1712 890 1785 sie,
915 1709 1060 1790 quomodo

59 1792 192 1872 prodigia
212 1795 363 1870 miramur,
388 1801 418 1852 et
442 1791 591 1852 iucundam
620 1808 676 1851 non
696 1792 816 1852 deformi
837 1793 986 1873 voluptate
1009 1793 1061 1852 sed

58 1894 124 1937 eum
140 1876 226 1936 laude
243 1894 277 1937 ae
294 1877 433 1954 dignitate
450 1876 611 1935 coniuncta,

144 1959 167 2019 1.
194 1959 302 2038 Igitur,
326 1979 409 2039 quam
430 1959 535 2020 Graeci
556 1953 667 2039 φράσιν
680 1967 804 2034 vocant,
827 1958 926 2018 Latine
941 1958 1061 2019 dieimus
1120 2024 1124 2031 ,

59 2043 322 2105 elocutionem.
360 2043 402 2103 lla
426 2051 575 2122 spectatur
594 2040 693 2101 verbis
716 2050 765 2102 aut
786 2041 907 2120 singulis
928 2051 976 2102 aut
993 2059 1061 2102 con·

59 2128 173 2188 innotis.
203 2127 235 2188 ln
249 2127 369 2206 siugulis
386 2127 550 2186 intuendum
563 2135 624 2202 est,
647 2134 678 2185 ut
692 2127 749 2185 sint
763 2125 876 2200 Latina,
894 2127 1060 2205 perspicua,

60 2220 178 2286 ornata,
202 2212 285 2272 adid
306 2212 384 2290 quod
405 2211 525 2271 eiicere
544 2210 676 2269 volumus
697 2209 927 2279 accommodata3
948 2213 976 2270 in
992 2227 1060 2270 eon·

58 2296 180 2369 innotis,
195 2304 225 2354 ut
237 2296 402 2371 emendata,
419 2304 449 2354 ut
464 2294 624 2369 eolloeata,
641 2303 671 2353 ιι
682 2293 812 2371 figurata.
848 2293 908 2354 Sed
920 2312 973 2370 ea,
987 2298 1090 2373 quael

59 2379 99 2440 de
118 2380 229 2439 ratione
243 2378 342 2439 Latine
359 2389 446 2459 etque
467 2379 617 2438 emendate
642 2377 778 2456 loquendi
797 2378 912 2438 luerunt
929 2377 1061 2455 dicenda,

58 2465 88 2522 in
117 2461 191 2523 libro
216 2464 326 2542 primo,
354 2481 417 2523 eum
444 2463 481 2522 de
506 2463 691 2539 grammatice
718 2461 918 2542 loqueremur,
947 2463 1062 2522 executi

61 2565 170 2606 sumus.
206 2546 314 2606 Verum
328 2547 389 2606 illie
403 2555 525 2621 tantum,
541 2565 578 2605 ne
593 2546 700 2604 vitiosa
713 2554 826 2620 esseut,
842 2547 1060 2622 praecepimus;

59 2630 108 2690 hie
129 2647 186 2689 non
209 2631 332 2691 alienum
354 2640 398 2690 est
420 2631 590 2705 admonere,
611 2639 642 2688 ut
661 2630 716 2688 sint
738 2647 821 2707 quarn
842 2629 955 2687 minime
976 2645 1061 2706 pere·

59 2715 143 2792 grino
164 2723 194 2774 et
214 2723 343 2774 externa.
376 2713 481 2775 llultos
511 2714 598 2788 enirn,
626 2712 728 2790 quibus
750 2711 887 2790 loquendi
908 2712 981 2771 ratio
1004 2728 1062 2770 non

61 2799 153 2874 desit,
175 2799 321 2873 invenies,
344 2815 417 2877 quos
436 2800 551 2857 curiose
573 2797 668 2875 potius
685 2797 764 2875 loqui
786 2795 893 2856 dixeris
910 2813 994 2873 quam
1010 2794 1063 2855 ha·

59 2882 135 2950 tiue;
157 2881 301 2960 quomodo
324 2891 354 2941 et
374 2881 424 2941 illa
446 2881 541 2941 Attiou
561 2898 631 2940 enus
651 2878 896 2959 Theophrastum,
920 2879 1063 2939 hominem

61 2964 171 3044 alioqui
181 2966 410 3040 disertissimum,
423 2973 558 3025 annotata
570 2965 651 3023 unius
664 2964 847 3024 affectatione
859 2961 951 3039 verbi,
965 2963 1062 3041 hospi·

62 3057 123 3108 tem
140 3048 226 3125 dixit,
252 3068 308 3109 nee
325 3049 382 3110 alio
404 3067 437 3108 se
459 3049 486 3109 id
503 3047 731 3127 deprehendisse
746 3050 923 3124 interrogata
941 3064 1062 3125 respon·

62 3132 119 3208 dit,
143 3151 226 3211 quem
242 3133 319 3211 quod
334 3134 448 3192 nimium
462 3131 559 3192 Attice
577 3132 757 3211 loqueretur.
788 3130 826 3191 Et
843 3132 871 3189 in
887 3129 952 3191 'lito
970 3129 1091 3206 Livio,3

61 3217 151 3276 mirae
175 3217 326 3277 facundiae
347 3219 428 3292 viro,
456 3225 536 3295 putat
558 3217 655 3275 inesse
676 3216 770 3276 Pollio
786 3214 902 3275 Asinius
924 3214 1063 3292 quandum

61 3299 289 3361 Patavinitatem.
328 3300 442 3375 Quare,
467 3302 491 3360 si
507 3300 570 3360 lieri
586 3309 684 3378 potest
700 3309 728 3360 et
744 3298 834 3360 verba
852 3299 945 3357 omnia
961 3305 990 3355 et
1004 3311 1064 3355 vox

61 3382 146 3444 huius
161 3384 303 3444 alumnum
320 3385 399 3444 urhis
421 3384 535 3461 oleant,
558 3393 589 3444 ut
606 3385 697 3445 oratio
713 3383 841 3443 Romana
859 3380 944 3459 plane
964 3378 1063 3441 videa·

62 3475 124 3545 tur,
141 3485 199 3528 non
215 3469 331 3528 civitate
346 3469 461 3528 donata.
