2408 3854
138 190 202 253 x168
460 202 495 247 u.
512 200 591 248 ran.
607 199 827 259 ourunrnmur

110 366 184 422 sset
198 358 353 421 inventum.
399 352 457 414 Gur
474 356 562 431 igitur
576 354 658 414 nelas
683 362 728 413 est
748 355 872 433 reperiri
888 354 998 434 aliquid
1012 372 1029 415 a
1049 354 1146 432 nobis,

139 442 217 519 quod
232 449 298 501 ante
312 455 370 499 non
385 434 492 498 luerit?
525 437 571 497 An
589 437 632 497 illi
647 436 735 498 rudes
751 437 815 498 sola
830 439 933 497 mentis
954 447 1053 498 natura
1068 438 1147 499 ducti

139 525 248 584 suntin
267 523 341 598 boc,
363 531 395 580 ut
417 531 473 581 tam
496 521 583 581 multa
602 530 795 598 generarent:
819 537 873 580 nos
898 521 1146 599 adquaerendam

139 625 197 667 uon
218 625 254 667 eo
277 610 342 686 ipso
359 607 551 678 concitemur,
574 604 652 682 quod
676 612 757 663 certe
780 605 886 664 scimus
906 606 1056 665 invenisse
1080 623 1145 680 eos,

111 693 188 770 oqui
205 685 413 769 quaesierunt?
449 687 486 749 Et
501 707 566 748 oum
580 687 641 763 illi,
664 687 834 765 quinalium
852 689 1020 766 cuiusquam
1037 690 1080 749 rei
1095 690 1145 749 ba·

139 775 261 834 buerunt
281 774 462 850 magistmm,
490 771 612 850 plurima
640 772 668 831 in
689 780 827 849 posteros
848 772 1032 833 tradiderint:
1060 772 1146 832 nobis

138 876 207 918 usus
225 858 344 918 aliarum
359 874 454 917 rerum
469 856 505 916 ad
521 854 665 916 eruendas
679 855 752 914 alias
767 871 825 915 non
842 855 987 935 proderit,
1004 855 1058 916 sed
1076 856 1147 917 nihil

138 941 306 1001 babebimus
321 942 375 1001 nisi
387 939 520 1000 beuelioii
535 935 642 998 alieni?
668 938 912 1012 Quemadmodum
924 939 1038 1018 quidam
1052 942 1146 1018 picto-

138 1043 186 1085 res
206 1027 234 1085 in
251 1024 279 1084 id
294 1024 389 1085 solum
413 1023 544 1098 student,
566 1032 597 1082 ut
618 1021 788 1083 describere
811 1022 923 1084 tabulas
945 1026 1087 1083 mensuris
1109 1042 1147 1084 ac

112 1109 223 1172 llineis
241 1109 342 1169 sciant.
374 1104 472 1186 Turpe
488 1108 573 1168 etiam
586 1106 658 1167 illud
673 1116 734 1181 est,
759 1115 923 1167 contentum
945 1124 1013 1167 esse
1028 1108 1056 1167 id
1076 1123 1146 1168 con-

138 1194 222 1271 sequi
239 1192 316 1270 qnod
332 1192 462 1251 imiteris.
492 1190 564 1251 Nam
580 1209 680 1250 rursus
696 1190 764 1270 quid
780 1201 843 1252 erat
857 1191 998 1266 futurum,
1019 1192 1044 1251 si
1060 1208 1146 1250 nemo

138 1277 204 1355 plns
225 1277 375 1336 eliecisset
397 1292 433 1335 eo
456 1293 541 1353 quem
555 1270 754 1352 sequebatur?
793 1273 871 1335 Nihil
891 1277 919 1334 in
940 1276 1035 1353 poetis
1057 1292 1146 1352 supra

138 1360 246 1420 bivium
261 1359 468 1434 Andronicum,
486 1357 556 1418 nibil
567 1359 595 1417 in
607 1358 736 1418 historiis
748 1376 836 1437 supra
847 1357 1015 1418 Pontificum
1024 1357 1145 1420 annales

138 1443 325 1510 haberemus:
342 1441 450 1503 ratibus
463 1440 556 1501 adbuc
570 1443 770 1518 navigaretur:
786 1459 843 1502 nou
856 1450 935 1502 esset
949 1443 1074 1520 pictura,
1090 1443 1146 1501 nisi

139 1545 213 1604 quae
235 1526 326 1585 lineas
348 1525 435 1585 modo
458 1534 603 1586 extremas
618 1525 753 1601 umbrae,
774 1543 858 1604 quam
883 1542 1008 1603 corpora
1028 1527 1056 1585 in
1078 1525 1145 1585 sole

111 1610 297 1686 8ieoissent,
324 1608 586 1669 circumscriberet.
626 1607 671 1669 Ac
692 1611 716 1668 si
738 1611 832 1670 omnia
846 1626 1041 1687 percenseas:
1064 1608 1144 1669 nulla

139 1693 176 1753 sit
190 1710 248 1770 ars,
262 1692 358 1772 ,qualis
373 1694 488 1753 inventa
504 1701 567 1768 est,
590 1709 647 1752 nec
660 1694 733 1752 intra
750 1693 858 1754 initium
873 1695 968 1758 stetit:
991 1693 1046 1752 nisi
1066 1692 1145 1753 lorte

138 1785 237 1838 nostra
259 1777 438 1857 potissimum
464 1785 595 1856 tempora
616 1774 780 1836 damnamus
801 1775 884 1836 buius
902 1776 1091 1851 infelicitatis,
1114 1784 1146 1835 ut

138 1879 213 1921 nunc
225 1859 338 1920 demam
349 1860 417 1921 nibil
431 1868 554 1921 crescat.
582 1859 659 1920 Nibil
671 1869 766 1920 autem
780 1862 887 1920 crescit
899 1861 961 1920 sola
974 1859 1143 1919 imitatione.

111 1954 128 2006 9
141 1943 252 2018 Quodsi
268 1943 412 2023 prioribus
428 1944 554 2004 adiicere
569 1943 614 2003 las
630 1958 688 2002 nou
699 1952 760 2003 est:
778 1942 923 2021 quomodo
938 1961 1060 2022 sperare
1075 1960 1144 2023 pos·

139 2045 236 2087 sumus
253 2027 334 2088 illum
348 2036 494 2088 oratorem
509 2023 692 2105 perlectum?
712 2045 776 2086 cum
787 2029 816 2086 in
830 2026 889 2102 bis,
913 2043 986 2105 quos
1003 2028 1145 2087 maximos

138 2109 231 2170 adbuc
248 2112 388 2187 nummus,
411 2128 496 2171 nemo
511 2112 549 2169 sit
563 2112 706 2186 inventus,
724 2111 753 2170 in
770 2127 828 2189 quo
844 2109 913 2171 nibil
931 2119 979 2170 aut
994 2111 1144 2171 desidere-

139 2203 185 2252 tur
206 2202 253 2253 aut
269 2192 508 2272 reprebendatur.
549 2192 609 2252 Sed
630 2195 715 2254 etiam
734 2197 782 2273 qui
797 2211 905 2254 summa
919 2211 977 2253 nou
991 2203 1143 2272 appetent,

97 2275 314 2341 locontendere
329 2278 426 2355 potius
444 2293 527 2356 quam
543 2279 626 2357 sequi
642 2277 759 2337 debent.
791 2277 863 2337 Nam
879 2279 927 2356 qui
943 2279 1003 2355 agit
1017 2286 1049 2337 ut
1062 2279 1145 2356 prior

138 2361 185 2435 sit,
202 2358 333 2435 forsitan,
356 2361 467 2420 etiamsi
486 2377 543 2419 non
558 2363 713 2436 transierit,
736 2359 880 2439 aequabit.
914 2360 986 2420 Eum
1001 2378 1073 2420 vero
1093 2379 1143 2420 ne·

137 2460 184 2503 mo
205 2452 305 2523 potest
325 2461 470 2524 aequare,
497 2446 577 2504 cuius
604 2446 737 2521 vestigiis
762 2444 817 2505 sibi
837 2446 936 2522 utique
958 2445 1144 2505 insistendum

139 2536 229 2606 putat.
261 2526 394 2589 Necesse
410 2538 456 2589 est
471 2530 561 2604 enim,
587 2546 703 2608 semper
717 2530 754 2588 sit
769 2528 917 2606 posterior
933 2530 980 2607 qui
1002 2530 1142 2607 sequitur.

138 2611 221 2672 Adde
240 2612 317 2691 quod
336 2613 507 2693 plerumque
532 2611 712 2673 molliusest
734 2612 800 2690 plus
824 2611 924 2672 lacere
951 2629 1035 2690 quam
1056 2611 1142 2671 idem.

138 2693 256 2755 Tantam
269 2697 343 2755 enim
358 2696 556 2756 difficultatem
571 2695 658 2756 babet
669 2695 835 2769 similitudo,
851 2705 882 2756 ut
896 2713 933 2754 ne
948 2696 1011 2773 ipsa
1029 2694 1144 2773 quidem

137 2787 237 2838 natura
250 2780 279 2838 iu
290 2778 347 2838 boc
365 2781 403 2839 ita
418 2779 569 2856 evaluerit,
585 2788 615 2838 ut
626 2796 683 2839 non
694 2797 743 2838 res
754 2779 994 2857 simplicissimae,
1011 2795 1145 2856 quaeque

138 2878 224 2938 pares
240 2863 362 2922 maxime
379 2862 545 2938 videantur,
567 2863 667 2941 utique
683 2863 846 2923 discrimine
862 2862 960 2941 aliquo
978 2861 1144 2922 discernan-

97 2956 126 3006 ll
137 2952 191 3003 tur.
223 2943 307 3004 Adde
322 2945 410 3023 quod,
428 2945 564 3025 quidquid
576 2945 660 3006 alteri
671 2946 764 3006 simile
779 2955 834 3022 est,
850 2963 975 3006 necesse
992 2954 1037 3005 est
1051 2947 1144 3004 minus

108 3026 112 3037 ’
138 3028 175 3085 sit
193 3044 247 3102 eo,
271 3028 347 3107 quod
360 3029 508 3104 imitatur,
529 3037 560 3088 ut
579 3029 677 3091 umbra
701 3047 828 3109 corpore
852 3039 881 3090 et
901 3031 997 3106 imago
1017 3028 1094 3089 lacie
1115 3036 1145 3088 et

138 3120 219 3170 actus
235 3108 404 3170 bistrionum
418 3113 497 3171 veris
509 3111 671 3172 allectibus.
699 3112 784 3186 Quod
795 3115 823 3173 in
834 3112 1012 3176 orationibus
1025 3129 1144 3191 quoque

139 3197 245 3274 evenit.
277 3193 408 3273 Namque
429 3197 488 3270 eis,
509 3212 584 3274 quae
605 3196 634 3255 in
656 3196 820 3274 exemplum
835 3197 1021 3271 assumimus,
1043 3193 1145 3255 sub'cst

137 3288 238 3339 natura
252 3287 283 3338 et
301 3295 370 3338 vera
385 3279 445 3344 vis:
469 3287 568 3337 contra
586 3280 677 3339 omnis
693 3281 812 3340 imitatio
828 3281 894 3341 licta
910 3288 955 3340 est
977 3288 1006 3340 et
1021 3278 1059 3340 ad
1074 3278 1144 3340 alic·
1168 3294 1176 3305 ·

97 3371 203 3423 lanum
218 3361 399 3441 propositum
415 3362 657 3422 accommodatur.
697 3361 782 3436 Quod
804 3356 892 3439 iacit,
914 3372 946 3423 ut
966 3364 1060 3424 minus
1078 3378 1143 3423 san-

138 3446 234 3521 guinis
249 3463 284 3506 ae
298 3444 400 3505 virium
415 3445 641 3507 declamationes
653 3444 778 3507 babeant
790 3464 874 3526 quam
885 3448 1048 3515 orationes:
1064 3445 1144 3526 quod

175 3532 351 3624 Α
401 3631 409 3639 .
