2408 3854
117 178 157 242 88
371 164 377 176 '
431 188 470 236 ru.
487 186 567 235 raa.
584 184 807 245 corrumpam

117 344 280 406 nominibus
303 351 424 424 prosunt
445 342 497 402 sed
519 340 688 410 effectibus3
718 348 749 399 nt
773 347 878 399 statum
899 339 1133 403 coniecturalem

119 449 154 491 an
169 428 317 490 infitialem
330 445 366 488 an
381 426 450 487 iacti
466 444 502 486 an
514 425 550 486 de
568 424 728 486 substantia
741 424 937 501 nominemus,
954 424 1024 485 nibil
1039 427 1131 487 inter·

91 522 183 591 best,
208 512 274 574 dnm
289 512 365 572 idem
384 511 485 590 quaeri
503 511 637 570 sciamus.
683 507 827 587 Optimum
844 524 917 586 ergo
933 510 962 568 in
982 509 1028 569 bis
1043 511 1131 590 sequi

62 650 64 654 .
118 600 242 659 maxime
257 604 379 676 recepta
390 604 420 654 ct
431 613 493 655 rem
504 595 612 674 ipsam,
630 609 806 673 quocunque
818 591 1017 671 appellabitur
1028 595 1130 672 modo,

118 682 294 760 intelligere.
340 678 415 739 lllud
430 687 526 740 tamen
545 677 720 754 notandum,
739 677 821 736 coire
835 676 1005 755 frequenter
1019 679 1049 738 in
1064 696 1130 739 eas-

118 768 184 829 dem
209 765 368 826 sententias
390 772 421 824 et
437 757 547 844 τρόπον
568 772 597 822 et
620 761 750 840 figuram.
793 759 864 822 'lam
884 762 959 822 enim
980 763 1131 824 translatis

117 848 217 912 verbis
236 866 322 929 quam
337 848 465 928 propriis
481 847 621 924 liguratur
638 846 742 906 oratio.

76 942 109 991 lo
199 933 254 994 list
276 941 371 994 autem
396 949 454 992 non
473 931 629 992 mediocris
653 931 729 990 inter
750 937 888 990 unctores
907 929 1071 1008 dissensio,
1101 940 1133 993 et

117 1036 192 1098 quae
207 1019 252 1077 vis
272 1017 394 1077 nominis
412 1017 475 1077 eins
498 1025 527 1075 et
541 1023 612 1093 quot
627 1031 739 1092 genera
755 1023 784 1075 et
806 1030 881 1093 quae
896 1030 1041 1094 quamque
1055 1015 1132 1077 mul·

117 1111 163 1162 tae
187 1103 243 1161 sint
264 1102 392 1180 species.
439 1099 537 1174 Quare
550 1101 671 1179 primum
692 1097 859 1159 intuendum
876 1107 938 1174 est,
960 1098 1031 1177 qnid
1051 1101 1133 1161 acci·

116 1204 189 1266 pere
206 1185 364 1247 debeamus
385 1185 551 1263 figuram.
596 1182 668 1243 Nam
683 1181 796 1243 duobns
811 1182 905 1243 modis
928 1182 1048 1244 dicitnr:
1072 1201 1130 1244 uno

117 1270 329 1351 qualiscunque
344 1269 461 1329 forma
477 1269 657 1344 sententiae,
675 1269 750 1328 sicut
765 1268 794 1327 in
807 1266 997 1346 corporibus,
1012 1267 1130 1348 quibus,

117 1371 236 1434 quoquo
264 1354 350 1414 modo
380 1361 446 1412 sunt
474 1353 651 1431 composita,
678 1353 778 1430 ntique
804 1350 918 1412 babitus
939 1361 986 1412 est
1007 1351 1131 1432 aliquis;

76 1441 105 1492 ll
117 1440 228 1514 altero,
252 1454 310 1517 quo
324 1438 445 1517 proprie
465 1436 611 1497 schema
635 1436 754 1513 dicitur,
778 1439 909 1496 insensu
928 1435 977 1496 vel
992 1453 1132 1497 sermone

117 1524 214 1602 aliqua
230 1540 246 1582 a
261 1521 376 1599 vulgari
392 1529 422 1580 et
436 1520 561 1599 simplici
577 1522 679 1599 specie
696 1538 760 1582 cum
776 1522 888 1582 ratione
900 1522 1037 1597 mutatio,
1054 1521 1133 1582 sicut

117 1623 171 1666 nos
189 1606 342 1681 sedemus,
363 1602 569 1681 incumbimus,
585 1606 767 1683 respicimus.
812 1603 914 1684 ltaque
937 1622 1002 1665 cnm
1017 1606 1047 1665 in
1062 1621 1131 1666 eos·

116 1691 182 1751 dem
204 1708 290 1751 casus
311 1698 360 1750 aut
381 1698 514 1768 tempora
535 1699 583 1750 ant
606 1706 742 1749 numeros
762 1697 811 1749 ant
831 1691 917 1750 etiam
942 1689 1035 1768 pedes
1059 1706 1131 1750 con-

116 1776 197 1836 tinuo
216 1776 279 1852 quis
302 1782 350 1834 aut
372 1783 453 1834 certe
469 1774 585 1834 nimium
605 1774 776 1852 frequenter
795 1775 931 1834 incurrit:
953 1775 1131 1853 praecipere

120 1859 248 1920 solemus
268 1858 420 1919 variandas
442 1859 550 1937 ligurus
571 1876 638 1919 esse
658 1857 793 1918 vitandae
812 1857 1004 1918 similitudinis
1024 1860 1130 1936 gratia.

78 1939 152 2004 12111
174 1960 231 2022 qno
251 1945 290 2004 ita
312 1943 470 2022 loquimur,
490 1952 624 2022 tanquam
642 1944 734 2002 omnis
757 1958 854 2002 sermo
872 1940 978 2002 babeat
995 1941 1130 2020 liguram,

117 2029 244 2106 itemque
260 2030 370 2090 eadem
383 2027 486 2108 flqcrc
501 2028 606 2089 dicitur
620 2029 774 2110 cursitare
791 2043 846 2105 qna
861 2027 1017 2102 lectitare,
1038 2027 1066 2087 id
1085 2034 1133 2088 est

118 2112 220 2172 eadem
241 2113 372 2187 ratione,
398 2110 549 2172 declinari.
601 2110 699 2185 Quare
726 2111 778 2172 illo
803 2109 954 2172 intellectu
979 2112 1080 2189 priore
1102 2119 1133 2172 et

118 2196 261 2255 communi
282 2194 352 2255 nihil
374 2212 432 2254 non
457 2195 609 2273 figuratum
631 2204 685 2255 est.
730 2194 796 2269 Quo
822 2196 847 2253 si
869 2195 997 2255 contenti
1018 2212 1130 2272 sumus,

117 2295 175 2338 non
203 2280 344 2338 immerito
368 2277 584 2357 Apollodorus,
615 2280 640 2337 si
664 2279 788 2339 tradenti
812 2276 943 2340 Caecilio
972 2278 1130 2355 credimus,

75 2361 420 2442 13incomprebensibilia
442 2365 533 2441 partis
554 2363 637 2423 huius
663 2371 823 2442 praecepta
843 2364 1023 2424 existimarit.
1068 2364 1131 2425 Sed

118 2448 143 2506 si
159 2445 273 2506 babitus
290 2445 405 2524 qnidam
422 2456 451 2507 et
467 2449 550 2526 quasi
564 2455 667 2526 gestus
686 2450 729 2508 sic
745 2448 913 2528 appellandi
929 2457 1009 2509 sunt:
1032 2447 1063 2508 id
1078 2447 1130 2508 de·

117 2548 193 2591 mum
213 2531 269 2591 hoc
291 2530 360 2591 loco
376 2532 471 2611 accipi
491 2532 609 2592 schema
625 2531 788 2610 oportebit,
813 2533 890 2610 quod
911 2533 980 2592 sita
1003 2530 1132 2612 simplici

118 2623 206 2693 atque
226 2616 255 2674 in
276 2625 411 2696 promptu
432 2618 530 2696 posito
553 2615 668 2678 dicendi
688 2616 774 2677 modo
799 2618 917 2696 poetice
931 2615 981 2676 vei
1001 2618 1133 2677 oratorie

117 2708 263 2759 mutatum.
310 2701 360 2761 Sic
380 2703 454 2761 enim
469 2719 570 2760 verum
588 2703 658 2775 erit,
675 2700 760 2761 aliam
777 2719 845 2761 esse
862 2701 1023 2767 orationem
1038 2694 1131 2778 ἄσχη-

118 2776 279 2862 μᾶτιστον,
302 2783 331 2843 id
347 2793 392 2844 est
411 2794 558 2845 carentem
576 2784 693 2862 liguris,
710 2784 787 2863 quod
802 2786 901 2844 vitium
916 2802 973 2845 non
989 2787 1065 2845 inter
1079 2785 1132 2844 mi·

77 2867 193 2926 linima
207 2874 273 2935 ·est;
297 2867 382 2928 aliam
398 2866 659 2948 ἐσχηματισμένην,
677 2869 705 2929 id
721 2879 767 2929 est
781 2870 940 2947 figuratam.
986 2868 1019 2929 id
1036 2869 1133 2948 ipsum

118 2959 213 3010 tamen
232 2961 355 3029 anguste
367 2952 466 3013 Zoilus
479 2954 657 3029 terminavit,
671 2954 719 3031 qni
734 2953 763 3014 id
775 2953 869 3013 solum
884 2954 1031 3032 putaverit
1045 2950 1133 3013 scire·

117 3052 182 3110 ma,
205 3052 262 3112 quo
286 3035 363 3097 alind
387 3038 535 3097 simulatur
549 3037 606 3097 dici
621 3055 706 3116 quam
722 3038 842 3115 dicitur,
861 3037 938 3117 qnod
953 3053 1025 3098 sanc
1039 3034 1134 3113 vulgo

119 3134 238 3197 qnoque
264 3120 307 3180 sic
336 3121 432 3200 accipi
458 3122 535 3189 seio;
566 3121 642 3182 unde
671 3129 701 3182 et
721 3121 877 3201 flpurotcc
901 3121 1134 3185 controversiae

120 3202 277 3281 quaedam,
292 3204 444 3284 dequibus
461 3205 631 3285 paulopost
646 3205 753 3283 dicam,
770 3216 920 3267 vocantur.
940 3204 1022 3284 Ergo
1039 3205 1132 3283 ligura

119 3287 157 3346 ait
179 3296 260 3348 arte
283 3287 410 3368 aliqua
428 3299 561 3350 novata
584 3290 698 3350 iorma
716 3289 873 3351 dicendi.

78 3377 110 3430 15
203 3371 300 3433 Genus
317 3375 378 3433 eius
394 3392 479 3433 unum
498 3373 611 3452 qnidam
628 3383 816 3452 putaverunt,
836 3376 865 3434 in
879 3374 937 3435 boc
951 3375 1018 3453 ipso
1034 3373 1132 3434 direr-

118 3471 167 3514 sas
184 3457 336 3535 opiniones
352 3459 455 3517 secuti.
489 3456 561 3518 Nam
575 3458 619 3534 iri,
639 3458 705 3536 qnia
719 3458 876 3518 verborum
890 3459 1009 3518 mutatio
1026 3474 1132 3520 sensus
