2408 3854
359 186 811 254 mse.onsron.1.1n.x11,o.
1023 174 1085 237 249

82 343 230 421 rigatione
243 361 326 422 quam
338 342 523 402 velocissima
534 339 623 402 iubet.
647 339 750 419 Neque
762 359 834 401 vero
847 340 1084 420 Aristippus,

83 443 221 485 summum
243 427 437 505 inuoluptate
459 426 593 503 corporis
615 424 720 484 bouum
736 442 864 504 ponens,
887 423 1013 486 adhunc
1032 441 1086 485 nus

83 508 213 569 laborem
232 508 371 570 hortatur.
405 508 570 584 Pprrbou
586 508 700 589 quidem
718 526 789 586 quas
805 511 834 568 in
849 507 906 568 hoe
928 525 1020 586 opere
1035 508 1084 569 ha·

83 592 154 652 bere
169 602 267 671 partes
283 589 404 670 potest?
426 593 472 652 oui
487 592 597 652 iudices
614 610 693 668 esse,
709 593 785 671 apud
797 609 870 672 quos
885 591 975 652 verba
987 592 1084 668 faciat,

83 685 112 735 et
130 693 227 752 reum,
250 693 304 753 pro
321 693 378 754 quo
398 676 551 754 loquatur,
574 684 603 735 et
620 683 767 752 senatum,
791 679 820 735 in
836 692 893 756 quo
910 677 947 734 sit
962 675 1086 736 dicenda

82 761 243 835 sententia,
268 776 326 818 uon
346 757 478 838 liquebit.
511 758 743 820 Academiam
769 759 883 838 quidam
905 759 1125 825 utilissimam25

83 843 220 918 creduut,
243 843 321 920 quod
335 859 398 902 mos
416 843 444 901 in
462 849 612 921 utramque
634 851 745 922 partem
760 843 923 904 disserendi
942 842 978 904 ud
1000 861 1084 905 exer·

83 927 248 985 citationem
270 925 430 986 forensium
453 943 604 987 causarum
623 928 756 1004 proxime
778 927 910 987 accedat.
938 924 1085 987 ddiioinut

81 1009 149 1068 ioco
165 1008 363 1087 probationis,
388 1009 467 1090 quod
483 1029 518 1070 ea
534 1011 800 1089 praestantissimos
815 1012 844 1070 in
860 1006 1028 1089 eloquentia
1042 1012 1083 1070 vi-

81 1110 130 1152 ros
150 1093 281 1155 ediderit.
313 1094 560 1173 Peripatetici
581 1093 676 1154 studio
693 1111 811 1172 quoque
826 1112 859 1153 se
878 1093 1001 1172 quodam
1019 1111 1084 1155 ora·

81 1178 156 1237 torio
177 1177 294 1238 iactant.
327 1177 399 1238 Nam
424 1177 524 1237 theses
546 1177 646 1238 dicere
668 1179 885 1238 exercitationis
906 1179 999 1252 gratia
1021 1176 1084 1236 fere

82 1269 127 1320 est
143 1259 229 1322 abiis
245 1263 412 1322 institutum.
446 1261 581 1337 Stoici,
600 1263 676 1321 sicut
692 1262 805 1339 copiam
821 1262 1002 1339 nitoremque
1022 1261 1083 1320 elo-

82 1346 217 1422 quentiae
233 1345 297 1406 fere
309 1344 550 1424 praeceptoribus
568 1346 627 1405 suis
640 1344 770 1405 defuisse
785 1344 947 1404 concedant
959 1361 1084 1404 neeesse

82 1436 142 1503 est,
166 1430 204 1487 ita
226 1428 321 1488 nullos
340 1436 389 1489 aut
411 1427 537 1506 probare
561 1429 656 1489 aerius
680 1437 728 1489 aut
751 1428 928 1490 concludere
950 1428 1084 1488 subtilius

82 1511 267 1572 contendunt.
299 1511 359 1572 Sed
378 1510 453 1573 haec
470 1514 657 1592 interimus,
677 1514 725 1592 qui
742 1513 824 1573 velut
838 1521 1020 1573 sacramento
1036 1520 1126 1574 roto

80 1597 141 1674 gati
163 1595 212 1655 vel
241 1595 327 1656 etiam
353 1596 560 1673 superstitione
587 1598 736 1658 constricti
763 1597 845 1657 nefas
873 1595 979 1656 ducant
999 1614 1016 1656 a
1036 1614 1082 1654 su·

81 1687 183 1757 scepta
202 1678 294 1738 semel
317 1679 508 1757 persuasione
531 1678 694 1740 discedere.
725 1678 840 1740 Oratori
857 1696 930 1739 vero
949 1678 1020 1739 nibil
1038 1687 1084 1738 est

81 1781 207 1823 necesse
225 1763 253 1821 in
269 1764 437 1841 cuiusquam
456 1763 551 1823 iurare
566 1762 661 1840 leges.
693 1761 784 1822 bloius
801 1764 876 1823 enim
892 1771 937 1821 est
952 1779 1027 1840 opus
1044 1769 1125 1824 atti

82 1863 139 1924 que
162 1847 372 1924 praestantius,
399 1847 435 1906 ad
461 1846 539 1924 quod
559 1847 624 1924 ipse
645 1845 753 1921 tendit,
781 1855 811 1906 et
831 1847 912 1906 cuius
935 1854 981 1904 est
1002 1845 1084 1905 velut

82 1929 268 2005 candidatus,
292 1930 317 1988 si
339 1929 453 2008 quidem
473 1939 520 1990 est
540 1929 651 1990 futurus
670 1946 734 1989 eum
748 1931 825 1990 vitae
842 1938 899 1989 tum
920 1931 1005 1989 etiam
1022 1929 1083 1990 elo'·

82 2013 216 2091 quentiae
230 2012 316 2073 laude
331 2014 490 2092 perfectus.
519 2011 616 2087 Quare
632 2014 660 2072 in
676 2014 839 2092 exemplum
855 2011 969 2073 dicendi
984 2012 1083 2073 facun-

81 2096 228 2157 dissimum
245 2114 389 2176 quemque
405 2106 551 2176 proponet
562 2096 618 2157 sibi
633 2097 668 2158 ad
682 2096 856 2172 imitandum,
872 2094 1000 2156 moribus
1011 2114 1083 2157 vero

80 2180 237 2242 formandis
260 2197 344 2259 quam
364 2180 568 2243 honestissima
593 2189 751 2261 praecepta
773 2182 1023 2260 rectissimamque
1048 2179 1084 2240 ad

79 2265 213 2325 virtutem
236 2265 312 2325 viam
337 2265 457 2344 deliget.
495 2264 713 2326 Exercitatioue
735 2264 849 2344 quidem
874 2272 970 2325 utetur
995 2264 1082 2340 omni,

80 2350 134 2408 sed
150 2357 245 2408 tamen
262 2350 318 2409 erit
331 2349 470 2428 plurimus
485 2350 515 2409 in
531 2351 660 2411 maximis
677 2347 840 2429 quibusque
854 2366 890 2409 ao
904 2356 1004 2408 natura
1020 2346 1083 2427 pul·

82 2431 241 2492 uberrimis.
285 2431 357 2493 Nam
379 2451 453 2513 quae
475 2442 574 2512 potest
599 2435 718 2494 materia
744 2434 868 2512 reperiri
894 2432 930 2492 ad
957 2433 1126 2508 gravitertti

82 2516 262 2594 copioseque
284 2516 437 2578 dicendum
457 2517 717 2596 magisabundans
735 2534 819 2595 quam
840 2516 877 2576 de
897 2516 1022 2590 virtute,
1046 2512 1083 2572 de

81 2597 264 2676 republica,
283 2599 319 2660 de
334 2601 532 2678 providentia,
557 2601 594 2660 de
614 2601 725 2677 origine
742 2601 915 2674 animorum,
935 2596 971 2657 de
986 2597 1082 2657 amici-

81 2678 141 2741 tiai
166 2680 246 2742 Haec
261 2690 343 2758 sunt,
366 2683 470 2763 quibus
485 2701 567 2743 mens
582 2683 691 2762 pariter
706 2691 794 2766 atque
808 2683 901 2742 oratio
918 2682 1082 2757 insurgant:

81 2783 156 2844 quae
175 2782 247 2824 vere
270 2764 363 2843 bona,
387 2767 454 2845 quid
476 2767 589 2845 mitiget
609 2774 718 2842 metus,
743 2772 881 2826 coereeat
898 2763 1082 2843 cupiditates,

82 2850 188 2909 eximat
204 2864 256 2908 nos
273 2848 456 2928 opinionibus
472 2850 553 2928 vulgi
566 2850 746 2929 animumque
763 2849 935 2910 coelestem.

165 2930 268 3011 Neque
291 2950 326 2992 ea
349 2932 460 3011 solum,
485 2951 560 3013 quae
584 2931 689 2994 talibus
707 2933 867 3012 disciplinis
890 2932 1124 3009 coutinentuqttt

82 3015 135 3074 sed
149 3019 242 3094 magis
258 3018 363 3096 etiam,
387 3035 463 3098 quae
485 3026 551 3078 sunt
567 3018 777 3097 antiquitus
795 3017 893 3078 dicta
916 3034 958 3077 uo
978 3016 1082 3077 factu

82 3100 296 3178 praeclare,
321 3109 350 3162 et
372 3118 462 3162 nosse
485 3111 514 3162 et
535 3103 628 3162 animo
651 3118 768 3181 semper
786 3103 897 3179 agitare
917 3097 1081 3161 conveniet.

82 3180 165 3254 Quae
186 3183 323 3261 profecto
345 3203 484 3266 nusquam
507 3185 592 3266 plura
614 3187 781 3264 maioraque
807 3203 890 3265 quam
913 3185 941 3243 in
964 3190 1082 3242 nostrae

83 3266 205 3325 civitatis
222 3271 410 3329 monumentis
425 3272 620 3348 reperientur.
651 3269 697 3330 dn
711 3269 917 3344 fortitudinem,
934 3267 1125 3342 iustitiambo

82 3347 183 3425 fidem,
214 3352 433 3428 continentiam,
461 3352 674 3431 frugalitatem,
703 3360 897 3431 contemptum
918 3348 1029 3411 doloris
1047 3366 1083 3409 ec

81 3434 181 3492 mortis
203 3434 305 3494 melius
329 3435 377 3496 alli
399 3435 546 3498 docebunt
569 3455 653 3517 qnam
671 3435 814 3510 Fabricii,
839 3432 936 3510 Curii,
962 3431 1090 3510 Remuli„
