2408 3854
326 205 796 274 msu.0nnu0n.nrs.vn1,o.
1023 197 1065 262 'lt

58 364 167 436 cimus,
191 368 220 420 et
240 361 366 421 carmina
386 359 510 438 Vergilii
530 359 713 441 Verqiliom,·
735 362 855 423 oeoicce
876 373 1064 442 commeatus,

57 447 110 526 qni
128 444 298 512 offerentum
324 445 522 525 coctileqium
537 446 774 526 deprehensum,
795 461 853 506 uon
873 446 1063 525 sacrilegum

56 520 388 592 umiommuctenrtam
398 529 527 606 ludere,
544 546 601 589 non
617 530 695 591 artis.
725 527 800 589 illud
816 546 932 608 quoqne
949 541 978 590 et
995 539 1106 609 poe-at

59 615 96 674 tis
112 622 143 672 et
158 611 322 674 oratoribus
337 612 491 691 frequens,
508 629 565 691 quo
580 614 626 689 id,
645 613 722 692 quod
738 612 843 689 elicit,
861 631 899 673 ex
913 631 967 691 eo,
987 615 1065 693 qnod

62 697 204 774 eflicitur,
220 696 409 756 ostendimus.
442 695 514 755 Num
530 706 558 757 et
572 701 726 757 carminum
742 706 894 762 auctores:

102 779 228 844 Psilido
240 799 323 843 moro
344 796 442 859 aequo
456 781 562 860 pulset
578 783 660 859 pede
673 799 848 860 pauperum
863 783 1024 853 tabernas,

57 873 88 926 et

100 947 312 1026 Pallentesque
329 948 470 1011 duditant
490 949 589 1011 morbi
603 949 759 1026 tristisque
777 959 938 1019 senectus,-

58 1040 89 1093 et
109 1041 209 1177 orstdtrr
220 1034 423 1112 praecipitem
437 1034 535 1109 irom,
549 1033 679 1094 hilarem
695 1033 949 1110 adolescentiam,
970 1055 1064 1114 cepoe

56 1119 149 1178 otium
185 1118 251 1176 icet.

143 1198 197 1259 Est
212 1201 299 1263 etiarn
312 1200 378 1261 huic
400 1208 486 1278 tropo
509 1200 650 1278 quaedam
667 1216 731 1259 com
747 1201 935 1275 synecdoche
950 1203 1104 1262 viciniaae

55 1281 152 1360 Nam,
171 1302 234 1345 cum
255 1283 320 1344 dico
340 1284 590 1346 vultushominis
612 1300 666 1362 pro
687 1283 783 1360 vultu,
813 1285 878 1345 dico
901 1284 1063 1362 pluraliter,

58 1366 141 1445 quod·
152 1367 300 1445 singulare
315 1376 375 1435 est;
396 1368 449 1428 sed
464 1386 521 1428 non
533 1368 561 1428 id
574 1384 642 1445 ago,
659 1376 690 1427 nt
705 1387 789 1427 unum
801 1387 838 1429 ex
852 1369 947 1428 multis
959 1369 1063 1429 intelli-

56 1460 162 1528 gatur,
180 1452 259 1531 (nam
275 1450 304 1512 id
326 1460 371 1510 est
385 1452 582 1531 manifestum)
602 1452 655 1522 sed
675 1469 779 1511 nornen
800 1455 931 1521 immuto;
956 1463 1064 1513 etcum

58 1543 249 1597 auratatecta
259 1554 376 1597 nereo:
396 1537 530 1614 pusillum
546 1536 582 1597 ab
595 1554 629 1596 ea
645 1536 776 1613 discedo,
798 1540 866 1616 quia·
879 1553 936 1596 non
949 1546 994 1596 est
1009 1539 1064 1597 nisi

56 1636 127 1696 pars
141 1629 282 1680 auratura.
306 1618 388 1694 Quae
403 1621 517 1698 singula
529 1622 635 1699 exequi
646 1622 805 1681 minutioris
817 1631 863 1681 est
876 1639 963 1681 curae
980 1623 1063 1681 etiam

56 1719 115 1762 nou
132 1713 279 1764 oratorem
296 1704 511 1764 instruentibus.

143 1786 423 1865 Autonomasia,
444 1806 518 1867 quae
533 1787 641 1866 aliquid
657 1805 710 1866 pro
725 1790 840 1848 nornine
855 1790 950 1867 ponit,
967 1789 1062 1865 poetis
1071 1797 1106 1852 29

58 1881 184 1951 utroque
199 1873 286 1933 ruodo
302 1871 558 1952 frequentissima,
574 1881 603 1931 et
618 1889 671 1950 per
687 1872 852 1950 epitheton,
877 1872 954 1951 quod
969 1871 1063 1931 detra-

58 1964 106 2015 cto
122 1973 177 2032 eo,
193 1957 239 2017 cui
254 1958 424 2035 apponitur,
440 1955 520 2016 valet
534 1974 589 2034 pro
604 1957 735 2031 nomine,
756 1955 905 2037 Tydides,
922 1953 1063 2019 Pelides.-

57 2048 140 2099 etex
154 2039 217 2116 lais,
237 2058 312 2119 quae
327 2042 355 2099 in
370 2056 489 2119 qnoque
504 2048 569 2099 sunt
585 2040 759 2118 praecipua:

224 2159 266 2169 -
279 2122 392 2186 Dicam
406 2132 499 2203 pater
512 2133 605 2202 utque
619 2124 770 2185 lominum
784 2143 863 2195 rem

60 2217 143 2267 etex
158 2207 260 2284 iactis,
279 2208 382 2285 quihus
397 2225 524 2287 persona
540 2210 683 2285 signetur:

223 2324 266 2336 -
283 2290 428 2354 Tholomo
442 2308 523 2371 quoe
536 2292 603 2372 lino
619 2293 742 2370 reliquit
756 2291 882 2372 Impius.

58 2373 229 2434 Oratoribus
246 2377 357 2435 etiamsi
379 2393 459 2435 rarus
483 2378 544 2436 eius
559 2378 619 2452 rei,
642 2377 796 2438 nonnullus
812 2385 907 2437 muron
923 2393 991 2435 usus
1009 2384 1107 2439 estio

62 2456 136 2518 Nam
157 2467 188 2518 ut
206 2457 343 2539 Tydiden
360 2468 389 2518 et
410 2458 535 2522 Peliden
555 2477 613 2520 uon
636 2461 775 2521 dixerint:
798 2463 837 2520 ita
858 2460 991 2520 dixerunt
1005 2461 1062 2520 im-

56 2544 143 2621 pium
159 2551 189 2602 et
200 2545 396 2622 parricidam
401 2566 415 2612 ,·
433 2563 605 2607 eversorem
620 2563 738 2623 quoque⁴
750 2541 947 2621 Cartlroyinis
958 2551 987 2602 et
997 2540 1062 2602 Νεε-

57 2628 193 2688 maotioe
204 2644 257 2706 pro
270 2627 407 2706 Scipione
419 2637 448 2687 et
457 2628 616 2691 &monae
627 2629 817 2706 eloquentiae
824 2628 997 2705 principem
1008 2640 1062 2703 pro

58 2707 203 2770 Cicerone
219 2713 354 2790 posuisse
370 2727 427 2770 non
442 2711 580 2772 dubitent.
625 2711 692 2790 lpse
709 2719 790 2770 certe
806 2727 875 2768 usus
898 2718 943 2769 est
959 2708 1014 2769 hac
1029 2708 1063 2768 li·

57 2792 185 2855 hortale:
201 2793 269 2857 Non
281 2797 376 2858 multo
387 2813 519 2874 peccas,
534 2796 632 2873 inquit
644 2797 695 2856 ille
708 2795 873 2874 fortissimo
883 2796 951 2856 oiro
962 2795 1064 2855 senar

58 2881 213 2957 moqioter.
252 2879 389 2940 Neutrum
413 2880 488 2941 enim
512 2896 618 2940 nornen
641 2888 687 2939 est
707 2880 833 2958 positum
858 2888 887 2939 et
912 2887 1063 2957 utrumque

58 2961 237 3039 intelligitur.

140 3040 430 3124 'Ovopcrorroclc
446 3047 577 3125 quidem,
593 3046 680 3107 idest
694 3047 772 3107 fictio
787 3048 927 3124 nominis,
944 3045 1063 3108 Graecis
1070 3053 1105 3109 31

57 3131 132 3188 inter
147 3132 285 3191 maximas
303 3130 400 3192 habita
417 3133 555 3208 virtutes,
573 3130 657 3191 nobis
670 3134 720 3192 vix
735 3132 916 3210 permittitur.
948 3129 986 3189 Et
999 3138 1063 3189 sunt

58 3211 180 3292 plurima
196 3216 234 3275 ita
250 3216 345 3294 posita
361 3214 397 3276 ab
409 3216 459 3291 iis,
477 3217 525 3294 qui
541 3232 704 3276 sermonem
720 3216 803 3294 primi
820 3215 953 3275 iecerunt
965 3222 1062 3292 aptan-

58 3305 105 3357 tes
117 3297 269 3358 aliectibus
283 3316 397 3359 vocem.
422 3298 493 3360 Nam
508 3301 640 3379 moqitun
651 3309 681 3360 et
691 3302 798 3362 odilus
809 3308 839 3359 et
850 3317 988 3359 murmur
998 3294 1063 3355 inde

58 3391 210 3442 venerunt.
254 3383 384 3460 Deinde,
411 3392 544 3462 tanquam
567 3393 761 3444 consummata
781 3385 837 3444 sint
859 3381 967 3457 omnia,
996 3379 1105 3444 nihttaa

57 3483 203 3543 generare
224 3465 361 3527 audemus
386 3468 459 3546 ipsi,
486 3484 550 3527 oum
570 3467 659 3528 multa
675 3469 782 3528 cotidie
802 3466 978 3544 abantiquis
997 3464 1063 3525 licta
