2408 3854
374 182 813 252 msn.onuron.nrr.1x,n.
1023 179 1081 242 103

75 330 166 416 πήσει
180 339 283 416 potuit.
316 335 388 396 Nam
402 335 521 397 brevior
534 337 594 414 illu,
616 348 647 398 ut
662 341 700 400 ait
722 339 838 418 Cicero,
855 360 871 402 a
888 361 921 402 re
937 343 1081 421 digressio
1090 361 1126 414 56

75 420 210 501 plurimis
224 421 255 481 lit
268 421 372 481 modis.
404 422 463 482 Sed
477 421 552 482 bueo
566 424 693 502 exempli
710 427 803 502 gratio
822 425 983 487 suiliaient:
1010 427 1082 491 Turn

36 573 39 577 ,
79 504 114 567 0.
137 503 289 580 Varenus,
304 506 333 567 ie
348 507 400 583 qm
414 524 435 566 a
448 507 569 582 familia
579 505 783 570 Anchariana
797 513 919 572 occisas
934 507 1002 580 esti
1013 513 1080 589 boc,

74 607 210 669 quaeso,
233 591 369 665 iudices,
398 590 560 669 diliqsnter
583 593 748 661 attendite·
777 603 806 653 et
832 611 886 673 pro
913 593 1021 655 Milone
1042 595 1083 658 lit

74 675 202 755 aspexit
221 693 269 734 me
286 675 347 735 illis
368 674 491 752 quodem
505 676 617 752 oculis,
644 677 755 754 quibus
775 687 837 738 tum
858 679 991 756 solebat,
1014 700 1083 742 cum

62 758 217 826 „mouens
236 761 339 819 omnia
353 759 537 823 minabatur.
573 758 627 819 Est
646 760 775 821 alienon
791 763 904 841 quidem
920 766 1124 840 retinentium

73 860 155 923 quae
169 843 207 902 sit
221 843 385 920 imperfecti
400 843 558 918 sermonis,
580 843 633 903 sed
656 852 750 904 tamen
772 849 906 925 praecisa
920 848 1001 908 velut
1017 859 1083 909 ente

77 924 237 1004 legitimum
257 927 342 987 linem
364 927 474 987 cretio:
499 935 528 985 ut
554 925 626 987 illud
648 925 747 990 Nimis
765 948 876 1010 arceo,
901 937 1082 995 commoneri

75 1011 202 1072 vidntur
219 1010 421 1080 adolescens,-
442 1020 471 1070 et
499 1007 582 1083 (litia
599 1013 716 1090 plura?
736 1015 836 1092 ipsum
857 1015 1083 1079 adolescentem

72 1095 340 1156 herundinis.
818 1105 820 1110 '

162 1177 328 1245 inritatio
353 1195 486 1237 urorum
512 1178 735 1255 alienorum,
758 1197 833 1258 quae
856 1174 1002 1258 ἠθοποιΐα
1022 1185 1124 1262 rel,58

76 1270 106 1323 ut
121 1260 172 1321 ulii
189 1260 307 1338 malunt,
321 1262 438 1340 aluums
454 1261 568 1339 dicitur,
586 1264 640 1322 iam
656 1264 730 1323 inter
745 1264 874 1324 leniores
891 1264 1012 1326 affectus
1030 1285 1080 1328 nu·

72 1345 182 1406 mereri
196 1355 305 1424 potest.
335 1345 389 1405 Est
410 1348 485 1405 enim
500 1349 596 1424 posite
612 1347 676 1406 iere
690 1350 718 1407 in
735 1348 895 1425 eludendo,
914 1349 967 1410 sed
981 1368 1080 1411 versu-

76 1439 123 1490 tur
138 1438 168 1489 et
182 1430 211 1488 in
229 1429 313 1491 lactis
329 1438 359 1489 et
374 1430 403 1489 in
422 1430 516 1490 dictis.
560 1430 592 1491 ln
607 1432 709 1507 laetis,
733 1432 810 1512 quod
831 1442 876 1492 est
897 1426 1082 1495 ὑποτυπώσει

74 1514 218 1583 vicinum
234 1516 263 1573 in
279 1514 373 1589 dictis,
392 1513 478 1593 quale
491 1522 536 1574 est
554 1516 636 1593 apud.
645 1515 809 1576 Terentium
824 1538 830 1553 ·

161 1594 202 1658 At
215 1617 271 1677 eqo
283 1599 468 1674 nesciebam,
485 1615 629 1676 quorsum
648 1609 680 1660 tu
693 1603 764 1662 ires.
798 1599 935 1663 Parenta

157 1680 241 1758 ilinc
254 1691 301 1744 cst
314 1684 456 1761 abrepta,
472 1684 578 1744 educit
591 1693 691 1746 mater
702 1703 762 1763 pro
775 1703 846 1762 sua,

162 1764 259 1827 Soror
273 1768 359 1828 dicta
374 1776 436 1826 est:
455 1769 544 1844 cupio
559 1768 726 1843 obducere,
743 1777 777 1829 ut
788 1770 920 1831 reddam
931 1771 1006 1830 suis.

73 1943 123 1996 est
138 1952 193 2013 per
206 1933 449 2010 relationem,
468 1936 522 1994 uisi
538 1934 615 2014 quod
632 1935 813 2014 frequentius
829 1945 981 1997 asseveret
997 1954 1082 2014 quarn

72 2018 184 2080 eludit:
209 2018 360 2082 Dicebam
382 2019 497 2081 babere
519 2037 571 2080 eos
590 2028 726 2080 actorem
749 2016 786 2092 Q.
803 2017 980 2081 Caecilium.
1011 2019 1082 2080 Sunt

75 2113 106 2164 et
134 2103 183 2164 illa
211 2104 333 2165 iucunda
358 2114 388 2163 et
416 2102 452 2162 ad
478 2103 754 2164 commendationem
776 2120 839 2163 cunr
859 2103 1002 2163 varietate
1024 2112 1082 2164 tum

76 2190 163 2248 etiam
183 2189 246 2265 ipsu
269 2197 368 2248 natura
392 2188 542 2267 plurimum
561 2197 697 2266 prosunt,
722 2205 796 2267 quae
818 2186 978 2265 simplicem
995 2205 1081 2267 quun-

72 2272 141 2332 dam
161 2280 190 2331 et
211 2289 268 2331 non
297 2280 499 2350 praeparatum
527 2272 706 2332 ostendendo
735 2273 895 2333 orationem
914 2273 1005 2332 minus
1028 2289 1082 2332 nos

73 2363 233 2434 suspectos
249 2356 336 2416 iudici
354 2356 470 2416 iaciunt.
501 2355 574 2416 Hinc
596 2366 641 2416 est
663 2358 745 2435 qussi
767 2357 1006 2434 poenitentia
1030 2357 1124 2418 ‹ii-bo

73 2442 140 2500 oti:
165 2447 197 2498 ut
211 2457 264 2518 pro
281 2437 383 2499 Coelio
406 2439 472 2500 Sed
489 2441 564 2516 quid
579 2459 634 2516 eoo
648 2442 693 2502 ita
709 2459 836 2520 qraoem
855 2459 1021 2519 personam
1033 2442 1077 2501 in-

75 2524 222 2585 troduci?
251 2523 289 2583 Et
310 2523 413 2603 quibus
434 2526 538 2583 utimur
558 2524 664 2601 vulgo:
686 2523 991 2603 Imprudensincidi.
1024 2523 1082 2583 vel

73 2626 141 2668 cum
156 2624 299 2686 quaerere
319 2624 393 2684 nos,
418 2608 485 2686 quid
501 2607 644 2689 dicemus,
667 2608 814 2683 fingimus:
834 2603 1081 2684 Quidreliquum

74 2694 144 2753 est?
158 2700 189 2752 et
203 2689 283 2753 Num
299 2695 375 2771 quid
388 2693 497 2754 annisi?
518 2700 547 2750 et
564 2710 627 2751 cunr
641 2689 748 2750 ibidem
764 2691 911 2766 invenire,
933 2699 963 2748 ut
979 2691 1019 2750 ait
1035 2687 1081 2751 ct-

72 2794 165 2836 eero:
184 2774 282 2838 Unum
297 2777 389 2838 etiam
405 2777 480 2837 milti
493 2775 824 2854 reliqunmbuiusmodi
836 2775 952 2835 crimen
971 2784 1036 2845 est;
1053 2784 1082 2835 et

75 2860 171 2923 Aburi
187 2880 227 2922 en
240 2863 301 2923 alio
314 2862 471 2922 succurrit
485 2860 566 2919 mibi.
602 2858 686 2919 Unde
705 2859 790 2917 etiarn
811 2859 924 2918 venusti
946 2861 1125 2919 transitusbt

75 2946 160 3011 nunu
178 2962 235 3004 non
253 2947 318 3022 quis
334 2946 469 3004 transitus
485 2945 549 3020 ipse
570 2943 607 3001 sit
623 2942 757 3018 scheme,
775 2951 806 3002 ut
823 2940 944 3019 Cicero,
966 2951 1082 3004 narrato

75 3030 189 3090 Pisonis
206 3027 354 3108 exemplo,
372 3030 419 3106 qui
432 3027 546 3088 anulum
562 3026 616 3085 sihi
634 3027 700 3086 cudi
715 3024 751 3086 ub
770 3027 889 3087 aurifice
904 3029 933 3086 in
948 3027 1083 3087 tribunali

76 3131 131 3172 suo
145 3115 287 3188 iusserat,
311 3113 392 3172 velut
412 3112 469 3171 hoo
491 3113 518 3170 in
544 3111 709 3170 memoriam
729 3111 861 3170 inductus
882 3111 1001 3172 adiecit:
1023 3109 1082 3171 Hic

76 3198 166 3258 modo
180 3217 228 3259 me
244 3197 423 3258 cmnmonnit
438 3194 557 3258 Pisonis
572 3197 693 3271 anulm,
710 3197 792 3272 quod
804 3202 896 3257 totum
907 3193 1082 3275 effluxerat.

79 3278 180 3354 Quam
202 3282 303 3342 multis
322 3282 413 3341 istum
433 3281 551 3358 putatis
572 3279 741 3340 bominibus
762 3279 895 3341 bonestis
915 3280 955 3339 de
978 3279 1084 3356 dicitis

78 3365 189 3425 anulos
203 3383 316 3425 aureos
338 3365 522 3426 abstulisse?
548 3362 586 3422 Et
606 3381 669 3422 eum
690 3362 785 3438 ulique
805 3362 886 3421 velut
901 3362 1082 3438 ignoremus:

78 3442 145 3509 sot
159 3466 267 3509 earnem
281 3467 386 3509 rernm
401 3447 563 3523 artificem,
579 3447 689 3524 quiem?
704 3446 891 3523 quemnam?
913 3444 1008 3506 Recto
1022 3445 1083 3507 ad-
