<?xml version="1.0" encoding="UTF-8"?>
<!DOCTYPE html PUBLIC "-//W3C//DTD XHTML 1.0 Transitional//EN"
    "http://www.w3.org/TR/xhtml1/DTD/xhtml1-transitional.dtd">
<html xmlns="http://www.w3.org/1999/xhtml" xml:lang="en" lang="en">
 <head>
  <title>
</title>
<meta http-equiv="Content-Type" content="text/html;charset=utf-8" />
  <meta name='ocr-system' content='tesseract 3.04.00' />
  <meta name='ocr-capabilities' content='ocr_page ocr_carea ocr_par ocr_line ocrx_word'/>
</head>
<body>
  <div class='ocr_page' id='page_1' title='image "./mfabiiquintilia08quingoog_0065.png"; bbox 0 0 2408 3854; ppageno 0'>
   <div class='ocr_carea' id='block_1_1' title="bbox 123 185 809 258">
    <p class='ocr_par' dir='ltr' id='par_1_1' title="bbox 123 185 809 258">
     <span class='ocr_line' id='line_1_1' title="bbox 123 185 809 258; baseline -0.004 -11"><span class='ocrx_word' id='word_1_1' title='bbox 123 185 164 247; x_wconf 81' lang='grc'><strong>40</strong></span> <span class='ocrx_word' id='word_1_2' title='bbox 287 205 290 209; x_wconf 93' lang='grc'><em>·</em></span> <span class='ocrx_word' id='word_1_3' title='bbox 436 197 809 258; x_wconf 77' lang='lat' dir='ltr'><strong>n.usn.cu1uu1nmu1</strong></span> 
     </span>
    </p>
   </div>
   <div class='ocr_carea' id='block_1_2' title="bbox 75 349 1125 766">
    <p class='ocr_par' dir='ltr' id='par_1_2' title="bbox 75 349 1125 766">
     <span class='ocr_line' id='line_1_2' title="bbox 75 349 1124 432; baseline 0 -14"><span class='ocrx_word' id='word_1_4' title='bbox 75 351 290 432; x_wconf 80' lang='lat' dir='ltr'><strong>ldamphibolia</strong></span> <span class='ocrx_word' id='word_1_5' title='bbox 312 369 370 412; x_wconf 92' lang='lat' dir='ltr'><strong>non</strong></span> <span class='ocrx_word' id='word_1_6' title='bbox 396 361 451 413; x_wconf 90' lang='lat' dir='ltr'><strong>est.</strong></span> <span class='ocrx_word' id='word_1_7' title='bbox 496 349 700 430; x_wconf 80' lang='lat' dir='ltr'><strong>Amphibcliae</strong></span> <span class='ocrx_word' id='word_1_8' title='bbox 721 361 816 413; x_wconf 86' lang='lat' dir='ltr'><strong>autem</strong></span> <span class='ocrx_word' id='word_1_9' title='bbox 837 355 928 414; x_wconf 90' lang='lat' dir='ltr'><strong>omnis</strong></span> <span class='ocrx_word' id='word_1_10' title='bbox 953 354 1009 416; x_wconf 88' lang='lat' dir='ltr'><strong>erit</strong></span> <span class='ocrx_word' id='word_1_11' title='bbox 1030 356 1059 416; x_wconf 91' lang='lat' dir='ltr'><strong>in</strong></span> <span class='ocrx_word' id='word_1_12' title='bbox 1080 355 1124 418; x_wconf 77' lang='lat' dir='ltr'><strong>luis</strong></span> 
     </span>
     <span class='ocr_line' id='line_1_3' title="bbox 116 435 1124 517; baseline 0.004 -20"><span class='ocrx_word' id='word_1_13' title='bbox 116 439 265 517; x_wconf 84' lang='lat' dir='ltr'><strong>quaestio;</strong></span> <span class='ocrx_word' id='word_1_14' title='bbox 285 435 456 516; x_wconf 82' lang='lat' dir='ltr'><strong>aliquando,</strong></span> <span class='ocrx_word' id='word_1_15' title='bbox 471 443 537 494; x_wconf 91' lang='lat' dir='ltr'><strong>uter</strong></span> <span class='ocrx_word' id='word_1_16' title='bbox 548 437 584 494; x_wconf 93' lang='lat' dir='ltr'><strong>sit</strong></span> <span class='ocrx_word' id='word_1_17' title='bbox 596 436 753 495; x_wconf 91' lang='lat' dir='ltr'><strong>secundum</strong></span> <span class='ocrx_word' id='word_1_18' title='bbox 768 446 896 498; x_wconf 89' lang='lat' dir='ltr'><strong>naturam</strong></span> <span class='ocrx_word' id='word_1_19' title='bbox 907 440 1000 517; x_wconf 91' lang='lat' dir='ltr'><strong>magis</strong></span> <span class='ocrx_word' id='word_1_20' title='bbox 1011 457 1124 508; x_wconf 70' lang='lat' dir='ltr'><strong>sermo:</strong></span> 
     </span>
     <span class='ocr_line' id='line_1_4' title="bbox 116 519 1122 602; baseline 0.003 -21"><span class='ocrx_word' id='word_1_21' title='bbox 116 539 247 601; x_wconf 85' lang='lat' dir='ltr'><strong>semper,</strong></span> <span class='ocrx_word' id='word_1_22' title='bbox 270 529 364 580; x_wconf 89' lang='lat' dir='ltr'><strong>utrum</strong></span> <span class='ocrx_word' id='word_1_23' title='bbox 382 521 419 578; x_wconf 88' lang='lat' dir='ltr'><strong>sit</strong></span> <span class='ocrx_word' id='word_1_24' title='bbox 435 519 572 596; x_wconf 86' lang='lat' dir='ltr'><strong>aequius;</strong></span> <span class='ocrx_word' id='word_1_25' title='bbox 598 527 691 578; x_wconf 85' lang='lat' dir='ltr'><strong>utrum</strong></span> <span class='ocrx_word' id='word_1_26' title='bbox 710 520 751 595; x_wconf 91' lang='lat' dir='ltr'><strong>is,</strong></span> <span class='ocrx_word' id='word_1_27' title='bbox 774 523 822 600; x_wconf 91' lang='lat' dir='ltr'><strong>qui</strong></span> <span class='ocrx_word' id='word_1_28' title='bbox 844 523 962 602; x_wconf 76' lang='lat' dir='ltr'><strong>scripsit</strong></span> <span class='ocrx_word' id='word_1_29' title='bbox 984 522 1122 601; x_wconf 80' lang='lat' dir='ltr'><strong>nedixit,</strong></span> 
     </span>
     <span class='ocr_line' id='line_1_5' title="bbox 115 603 1125 686; baseline 0.003 -21"><span class='ocrx_word' id='word_1_30' title='bbox 115 605 250 665; x_wconf 86' lang='lat' dir='ltr'><strong>voluerit.</strong></span> <span class='ocrx_word' id='word_1_31' title='bbox 297 603 423 678; x_wconf 82' lang='lat' dir='ltr'><strong>Quarum</strong></span> <span class='ocrx_word' id='word_1_32' title='bbox 443 604 471 662; x_wconf 96' lang='lat' dir='ltr'><strong>in</strong></span> <span class='ocrx_word' id='word_1_33' title='bbox 485 612 634 681; x_wconf 86' lang='lat' dir='ltr'><strong>utramque</strong></span> <span class='ocrx_word' id='word_1_34' title='bbox 651 612 762 681; x_wconf 89' lang='lat' dir='ltr'><strong>partem</strong></span> <span class='ocrx_word' id='word_1_35' title='bbox 778 606 849 664; x_wconf 86' lang='lat' dir='ltr'><strong>sutis</strong></span> <span class='ocrx_word' id='word_1_36' title='bbox 865 623 902 665; x_wconf 83' lang='lat' dir='ltr'><strong>ex</strong></span> <span class='ocrx_word' id='word_1_37' title='bbox 917 606 978 684; x_wconf 90' lang='lat' dir='ltr'><strong>his,</strong></span> <span class='ocrx_word' id='word_1_38' title='bbox 996 624 1072 686; x_wconf 78' lang='lat' dir='ltr'><strong>quae</strong></span> <span class='ocrx_word' id='word_1_39' title='bbox 1088 607 1125 668; x_wconf 85' lang='lat' dir='ltr'><strong>de</strong></span> 
     </span>
     <span class='ocr_line' id='line_1_6' title="bbox 117 686 915 766; baseline 0 -17"><span class='ocrx_word' id='word_1_40' title='bbox 117 691 284 765; x_wconf 86' lang='lat' dir='ltr'><strong>coniectura</strong></span> <span class='ocrx_word' id='word_1_41' title='bbox 301 687 479 766; x_wconf 87' lang='lat' dir='ltr'><strong>etqualitate</strong></span> <span class='ocrx_word' id='word_1_42' title='bbox 495 686 633 762; x_wconf 78' lang='lat' dir='ltr'>diximus,</span> <span class='ocrx_word' id='word_1_43' title='bbox 653 696 841 766; x_wconf 84' lang='lat' dir='ltr'><strong>praeceptum</strong></span> <span class='ocrx_word' id='word_1_44' title='bbox 855 698 915 758; x_wconf 86' lang='lat' dir='ltr'><strong>est.</strong></span> 
     </span>
    </p>
   </div>
   <div class='ocr_carea' id='block_1_3' title="bbox 269 838 992 892">
    <p class='ocr_par' dir='ltr' id='par_1_3' title="bbox 269 838 992 892">
     <span class='ocr_line' id='line_1_7' title="bbox 269 838 992 892; baseline 0.004 -3"><span class='ocrx_word' id='word_1_45' title='bbox 269 840 313 890; x_wconf 79' lang='lat' dir='ltr'><strong>DE</strong></span> <span class='ocrx_word' id='word_1_46' title='bbox 330 838 585 891; x_wconf 74' lang='lat' dir='ltr'><strong>PRAEDIOTORUM</strong></span> <span class='ocrx_word' id='word_1_47' title='bbox 602 838 757 892; x_wconf 80' lang='lat' dir='ltr'><strong>STATUUM</strong></span> <span class='ocrx_word' id='word_1_48' title='bbox 776 838 992 892; x_wconf 70' lang='lat' dir='ltr'><strong>counanimis.</strong></span> 
     </span>
    </p>
   </div>
   <div class='ocr_carea' id='block_1_4' title="bbox 89 935 1127 2445">
    <p class='ocr_par' dir='ltr' id='par_1_4' title="bbox 117 935 1127 1436">
     <span class='ocr_line' id='line_1_8' title="bbox 200 935 1124 1015; baseline 0.003 -19"><span class='ocrx_word' id='word_1_49' title='bbox 200 935 237 996; x_wconf 84' lang='lat' dir='ltr'><strong>X.</strong></span> <span class='ocrx_word' id='word_1_50' title='bbox 268 936 322 996; x_wconf 87' lang='lat' dir='ltr'><strong>Est</strong></span> <span class='ocrx_word' id='word_1_51' title='bbox 337 944 432 996; x_wconf 86' lang='lat' dir='ltr'><strong>autem</strong></span> <span class='ocrx_word' id='word_1_52' title='bbox 450 935 591 1015; x_wconf 88' lang='lat' dir='ltr'><strong>quaedam</strong></span> <span class='ocrx_word' id='word_1_53' title='bbox 606 938 681 996; x_wconf 90' lang='lat' dir='ltr'><strong>inter</strong></span> <span class='ocrx_word' id='word_1_54' title='bbox 696 935 751 996; x_wconf 90' lang='lat' dir='ltr'><strong>hos</strong></span> <span class='ocrx_word' id='word_1_55' title='bbox 767 944 858 996; x_wconf 84' lang='lat' dir='ltr'><strong>status</strong></span> <span class='ocrx_word' id='word_1_56' title='bbox 872 938 1019 1014; x_wconf 87' lang='lat' dir='ltr'><strong>cognatio.</strong></span> <span class='ocrx_word' id='word_1_57' title='bbox 1053 937 1124 999; x_wconf 84' lang='lat' dir='ltr'><strong>Nam</strong></span> 
     </span>
     <span class='ocr_line' id='line_1_9' title="bbox 118 1018 1123 1099; baseline 0.003 -19"><span class='ocrx_word' id='word_1_58' title='bbox 118 1031 147 1080; x_wconf 89' lang='lat' dir='ltr'><strong>et</strong></span> <span class='ocrx_word' id='word_1_59' title='bbox 169 1022 197 1079; x_wconf 96' lang='lat' dir='ltr'><strong>in</strong></span> <span class='ocrx_word' id='word_1_60' title='bbox 219 1021 363 1097; x_wconf 89' lang='lat' dir='ltr'><strong>linitione,</strong></span> <span class='ocrx_word' id='word_1_61' title='bbox 380 1038 454 1098; x_wconf 92' lang='lat' dir='ltr'><strong>quae</strong></span> <span class='ocrx_word' id='word_1_62' title='bbox 479 1020 515 1079; x_wconf 93' lang='lat' dir='ltr'><strong>sit</strong></span> <span class='ocrx_word' id='word_1_63' title='bbox 535 1018 670 1080; x_wconf 87' lang='lat' dir='ltr'><strong>uoluntas</strong></span> <span class='ocrx_word' id='word_1_64' title='bbox 692 1022 828 1097; x_wconf 91' lang='lat' dir='ltr'><strong>nominis,</strong></span> <span class='ocrx_word' id='word_1_65' title='bbox 858 1021 1023 1099; x_wconf 86' lang='lat' dir='ltr'><strong>quaeritur,</strong></span> <span class='ocrx_word' id='word_1_66' title='bbox 1048 1031 1079 1082; x_wconf 87' lang='lat' dir='ltr'><strong>et</strong></span> <span class='ocrx_word' id='word_1_67' title='bbox 1097 1024 1123 1084; x_wconf 91' lang='lat' dir='ltr'><strong>in</strong></span> 
     </span>
     <span class='ocr_line' id='line_1_10' title="bbox 117 1103 1120 1184; baseline 0.002 -19"><span class='ocrx_word' id='word_1_68' title='bbox 117 1105 307 1182; x_wconf 76' lang='lat' dir='ltr'><strong>syllogismo,</strong></span> <span class='ocrx_word' id='word_1_69' title='bbox 327 1105 375 1183; x_wconf 89' lang='lat' dir='ltr'><strong>qui</strong></span> <span class='ocrx_word' id='word_1_70' title='bbox 391 1103 536 1164; x_wconf 87' lang='lat' dir='ltr'><strong>secundus</strong></span> <span class='ocrx_word' id='word_1_71' title='bbox 553 1121 570 1163; x_wconf 89' lang='lat' dir='ltr'><strong>a</strong></span> <span class='ocrx_word' id='word_1_72' title='bbox 585 1104 713 1164; x_wconf 82' lang='lat' dir='ltr'><strong>finitione</strong></span> <span class='ocrx_word' id='word_1_73' title='bbox 728 1113 819 1164; x_wconf 78' lang='lat' dir='ltr'><strong>status</strong></span> <span class='ocrx_word' id='word_1_74' title='bbox 837 1114 902 1181; x_wconf 88' lang='lat' dir='ltr'><strong>est,</strong></span> <span class='ocrx_word' id='word_1_75' title='bbox 925 1105 991 1184; x_wconf 87' lang='lat' dir='ltr'><strong>quia</strong></span> <span class='ocrx_word' id='word_1_76' title='bbox 1008 1115 1120 1184; x_wconf 62' lang='lat' dir='ltr'><strong>specto</strong></span> 
     </span>
     <span class='ocr_line' id='line_1_11' title="bbox 117 1187 1127 1268; baseline 0.002 -19"><span class='ocrx_word' id='word_1_77' title='bbox 117 1199 178 1264; x_wconf 88' lang='lat' dir='ltr'><strong>tur,</strong></span> <span class='ocrx_word' id='word_1_78' title='bbox 208 1189 275 1268; x_wconf 93' lang='lat' dir='ltr'><strong>quid</strong></span> <span class='ocrx_word' id='word_1_79' title='bbox 297 1188 423 1249; x_wconf 85' lang='lat' dir='ltr'><strong>uoluerit</strong></span> <span class='ocrx_word' id='word_1_80' title='bbox 444 1189 587 1266; x_wconf 70' lang='lat' dir='ltr'><strong>scriptum</strong></span> <span class='ocrx_word' id='word_1_81' title='bbox 619 1197 648 1247; x_wconf 90' lang='lat' dir='ltr'><strong>et</strong></span> <span class='ocrx_word' id='word_1_82' title='bbox 674 1190 833 1249; x_wconf 84' lang='lat' dir='ltr'><strong>contrarias</strong></span> <span class='ocrx_word' id='word_1_83' title='bbox 855 1188 940 1266; x_wconf 88' lang='lat' dir='ltr'><strong>leges</strong></span> <span class='ocrx_word' id='word_1_84' title='bbox 961 1187 1036 1249; x_wconf 93' lang='lat' dir='ltr'><strong>duos</strong></span> <span class='ocrx_word' id='word_1_85' title='bbox 1059 1207 1127 1251; x_wconf 81' lang='grc' dir='ltr'><strong>εεεε</strong></span> 
     </span>
     <span class='ocr_line' id='line_1_12' title="bbox 117 1271 1123 1354; baseline 0.003 -22"><span class='ocrx_word' id='word_1_86' title='bbox 117 1274 218 1352; x_wconf 89' lang='lat' dir='ltr'><strong>scripti</strong></span> <span class='ocrx_word' id='word_1_87' title='bbox 244 1281 273 1332; x_wconf 92' lang='lat' dir='ltr'><strong>et</strong></span> <span class='ocrx_word' id='word_1_88' title='bbox 294 1273 450 1334; x_wconf 88' lang='lat' dir='ltr'><strong>uoluntatis</strong></span> <span class='ocrx_word' id='word_1_89' title='bbox 477 1280 568 1332; x_wconf 86' lang='lat' dir='ltr'><strong>status</strong></span> <span class='ocrx_word' id='word_1_90' title='bbox 594 1281 725 1351; x_wconf 85' lang='lat' dir='ltr'><strong>apparet.</strong></span> <span class='ocrx_word' id='word_1_91' title='bbox 771 1271 881 1332; x_wconf 85' lang='lat' dir='ltr'><strong>Rursus</strong></span> <span class='ocrx_word' id='word_1_92' title='bbox 901 1281 929 1332; x_wconf 88' lang='grc' dir='ltr'><strong>ει</strong></span> <span class='ocrx_word' id='word_1_93' title='bbox 947 1273 1038 1333; x_wconf 89' lang='lat' dir='ltr'><strong>linitio</strong></span> <span class='ocrx_word' id='word_1_94' title='bbox 1055 1290 1123 1354; x_wconf 89' lang='lat' dir='ltr'><strong>quc·</strong></span> 
     </span>
     <span class='ocr_line' id='line_1_13' title="bbox 119 1355 1124 1436; baseline 0 -19"><span class='ocrx_word' id='word_1_95' title='bbox 119 1357 270 1419; x_wconf 91' lang='lat' dir='ltr'><strong>dammodo</strong></span> <span class='ocrx_word' id='word_1_96' title='bbox 295 1366 341 1417; x_wconf 90' lang='grc' dir='ltr'><strong>εει</strong></span> <span class='ocrx_word' id='word_1_97' title='bbox 362 1355 554 1434; x_wconf 80' lang='lat' dir='ltr'>amphibolia,</span> <span class='ocrx_word' id='word_1_98' title='bbox 581 1374 644 1416; x_wconf 90' lang='lat' dir='ltr'><strong>cum</strong></span> <span class='ocrx_word' id='word_1_99' title='bbox 664 1357 692 1416; x_wconf 92' lang='lat' dir='ltr'><strong>in</strong></span> <span class='ocrx_word' id='word_1_100' title='bbox 714 1357 785 1416; x_wconf 90' lang='lat' dir='ltr'><strong>duas</strong></span> <span class='ocrx_word' id='word_1_101' title='bbox 802 1365 902 1436; x_wconf 84' lang='lat' dir='ltr'><strong>partes</strong></span> <span class='ocrx_word' id='word_1_102' title='bbox 919 1357 1072 1418; x_wconf 79' lang='lat' dir='ltr'><strong>diducatur</strong></span> <span class='ocrx_word' id='word_1_103' title='bbox 1084 1360 1124 1419; x_wconf 87' lang='lat' dir='ltr'><strong>in·</strong></span> 
     </span>
    </p>

    <p class='ocr_par' dir='ltr' id='par_1_5' title="bbox 89 1440 1126 1839">
     <span class='ocr_line' id='line_1_14' title="bbox 89 1440 1125 1519; baseline 0.008 -24"><span class='ocrx_word' id='word_1_104' title='bbox 89 1440 257 1502; x_wconf 75' lang='lat' dir='ltr'><strong>uueltecuus</strong></span> <span class='ocrx_word' id='word_1_105' title='bbox 272 1441 404 1501; x_wconf 89' lang='lat' dir='ltr'><strong>nominis.</strong></span> <span class='ocrx_word' id='word_1_106' title='bbox 445 1440 587 1519; x_wconf 81' lang='lat' dir='ltr'><strong>Scriptum</strong></span> <span class='ocrx_word' id='word_1_107' title='bbox 604 1448 634 1499; x_wconf 91' lang='grc' dir='ltr'><strong>ει</strong></span> <span class='ocrx_word' id='word_1_108' title='bbox 649 1441 783 1500; x_wconf 87' lang='lat' dir='ltr'><strong>voluntas</strong></span> <span class='ocrx_word' id='word_1_109' title='bbox 794 1440 882 1501; x_wconf 86' lang='lat' dir='ltr'><strong>habet</strong></span> <span class='ocrx_word' id='word_1_110' title='bbox 896 1443 925 1500; x_wconf 94' lang='lat' dir='ltr'><strong>in</strong></span> <span class='ocrx_word' id='word_1_111' title='bbox 939 1440 1039 1501; x_wconf 83' lang='lat' dir='ltr'><strong>verbis</strong></span> <span class='ocrx_word' id='word_1_112' title='bbox 1055 1443 1125 1503; x_wconf 86' lang='lat' dir='ltr'><strong>iuris</strong></span> 
     </span>
     <span class='ocr_line' id='line_1_15' title="bbox 118 1523 1126 1604; baseline 0.002 -20"><span class='ocrx_word' id='word_1_113' title='bbox 118 1527 335 1604; x_wconf 85' lang='lat' dir='ltr'><strong>quaestionem,</strong></span> <span class='ocrx_word' id='word_1_114' title='bbox 362 1523 439 1603; x_wconf 96' lang='lat' dir='ltr'><strong>quod</strong></span> <span class='ocrx_word' id='word_1_115' title='bbox 462 1524 538 1584; x_wconf 85' lang='lat' dir='ltr'><strong>idem</strong></span> <span class='ocrx_word' id='word_1_116' title='bbox 554 1525 707 1584; x_wconf 79' lang='lat' dir='ltr'><strong>antinomia</strong></span> <span class='ocrx_word' id='word_1_117' title='bbox 723 1525 839 1603; x_wconf 87' lang='lat' dir='ltr'><strong>petitur.</strong></span> <span class='ocrx_word' id='word_1_118' title='bbox 879 1523 1009 1603; x_wconf 85' lang='lat' dir='ltr'><strong>Ideoque</strong></span> <span class='ocrx_word' id='word_1_119' title='bbox 1030 1527 1126 1586; x_wconf 78' lang='lat' dir='ltr'><strong>omnia</strong></span> 
     </span>
     <span class='ocr_line' id='line_1_16' title="bbox 117 1607 1124 1687; baseline 0.002 -19"><span class='ocrx_word' id='word_1_120' title='bbox 117 1609 191 1668; x_wconf 85' lang='lat' dir='ltr'><strong>haec</strong></span> <span class='ocrx_word' id='word_1_121' title='bbox 218 1609 332 1687; x_wconf 87' lang='lat' dir='ltr'><strong>quidam</strong></span> <span class='ocrx_word' id='word_1_122' title='bbox 354 1610 492 1686; x_wconf 89' lang='lat' dir='ltr'><strong>scriptum</strong></span> <span class='ocrx_word' id='word_1_123' title='bbox 519 1616 547 1668; x_wconf 91' lang='lat' dir='ltr'><strong>et</strong></span> <span class='ocrx_word' id='word_1_124' title='bbox 568 1607 746 1668; x_wconf 84' lang='lat' dir='ltr'><strong>voluntatem</strong></span> <span class='ocrx_word' id='word_1_125' title='bbox 763 1627 831 1668; x_wconf 88' lang='lat' dir='ltr'><strong>esse</strong></span> <span class='ocrx_word' id='word_1_126' title='bbox 851 1609 1000 1686; x_wconf 80' lang='lat' dir='ltr'><strong>dixerunt,</strong></span> <span class='ocrx_word' id='word_1_127' title='bbox 1026 1609 1079 1670; x_wconf 88' lang='lat' dir='ltr'><strong>alii</strong></span> <span class='ocrx_word' id='word_1_128' title='bbox 1097 1611 1124 1670; x_wconf 91' lang='lat' dir='ltr'><strong>in</strong></span> 
     </span>
     <span class='ocr_line' id='line_1_17' title="bbox 118 1691 1124 1773; baseline 0.003 -22"><span class='ocrx_word' id='word_1_129' title='bbox 118 1694 228 1771; x_wconf 89' lang='lat' dir='ltr'><strong>scripto</strong></span> <span class='ocrx_word' id='word_1_130' title='bbox 250 1702 278 1753; x_wconf 89' lang='lat' dir='ltr'><strong>et</strong></span> <span class='ocrx_word' id='word_1_131' title='bbox 293 1694 442 1754; x_wconf 84' lang='lat' dir='ltr'><strong>voluntate</strong></span> <span class='ocrx_word' id='word_1_132' title='bbox 464 1691 666 1772; x_wconf 79' lang='lat' dir='ltr'><strong>amphiboliam</strong></span> <span class='ocrx_word' id='word_1_133' title='bbox 683 1710 767 1768; x_wconf 89' lang='lat' dir='ltr'><strong>esse,</strong></span> <span class='ocrx_word' id='word_1_134' title='bbox 792 1704 866 1772; x_wconf 89' lang='lat' dir='ltr'><strong>quae</strong></span> <span class='ocrx_word' id='word_1_135' title='bbox 885 1694 955 1754; x_wconf 85' lang='lat' dir='ltr'><strong>lucit</strong></span> <span class='ocrx_word' id='word_1_136' title='bbox 977 1696 1124 1773; x_wconf 81' lang='lat' dir='ltr'><strong>quaestio</strong></span> 
     </span>
     <span class='ocr_line' id='line_1_18' title="bbox 119 1775 1124 1839; baseline 0.003 -4"><span class='ocrx_word' id='word_1_137' title='bbox 119 1795 193 1836; x_wconf 89' lang='lat' dir='ltr'><strong>nem.</strong></span> <span class='ocrx_word' id='word_1_138' title='bbox 228 1777 287 1839; x_wconf 85' lang='lat' dir='ltr'><strong>Sed</strong></span> <span class='ocrx_word' id='word_1_139' title='bbox 303 1779 437 1839; x_wconf 88' lang='lat' dir='ltr'><strong>distincta</strong></span> <span class='ocrx_word' id='word_1_140' title='bbox 451 1787 525 1837; x_wconf 89' lang='lat' dir='ltr'><strong>sunt.</strong></span> <span class='ocrx_word' id='word_1_141' title='bbox 564 1775 651 1837; x_wconf 82' lang='lat' dir='ltr'><strong>Aliud</strong></span> <span class='ocrx_word' id='word_1_142' title='bbox 667 1786 712 1836; x_wconf 89' lang='grc' dir='ltr'><strong>εει</strong></span> <span class='ocrx_word' id='word_1_143' title='bbox 727 1779 801 1836; x_wconf 90' lang='lat' dir='ltr'><strong>enim</strong></span> <span class='ocrx_word' id='word_1_144' title='bbox 817 1776 971 1838; x_wconf 86' lang='lat' dir='ltr'><strong>obscurum</strong></span> <span class='ocrx_word' id='word_1_145' title='bbox 986 1781 1031 1838; x_wconf 91' lang='lat' dir='ltr'><strong>ius</strong></span> <span class='ocrx_word' id='word_1_146' title='bbox 1048 1777 1124 1838; x_wconf 86' lang='lat' dir='ltr'><strong>aliud</strong></span> 
     </span>
    </p>

    <p class='ocr_par' dir='ltr' id='par_1_6' title="bbox 90 1859 1127 2276">
     <span class='ocr_line' id='line_1_19' title="bbox 90 1859 1123 1940; baseline -0.001 -18"><span class='ocrx_word' id='word_1_147' title='bbox 90 1859 291 1939; x_wconf 72' lang='lat' dir='ltr'><strong>dambiguum.</strong></span> <span class='ocrx_word' id='word_1_148' title='bbox 322 1861 413 1940; x_wconf 83' lang='lat' dir='ltr'><strong>Igitur</strong></span> <span class='ocrx_word' id='word_1_149' title='bbox 427 1861 517 1922; x_wconf 86' lang='lat' dir='ltr'><strong>linitio</strong></span> <span class='ocrx_word' id='word_1_150' title='bbox 533 1862 562 1920; x_wconf 92' lang='lat' dir='ltr'><strong>in</strong></span> <span class='ocrx_word' id='word_1_151' title='bbox 583 1869 683 1921; x_wconf 85' lang='lat' dir='ltr'><strong>natura</strong></span> <span class='ocrx_word' id='word_1_152' title='bbox 704 1863 768 1940; x_wconf 87' lang='lat' dir='ltr'><strong>ipsu</strong></span> <span class='ocrx_word' id='word_1_153' title='bbox 784 1863 905 1922; x_wconf 93' lang='lat' dir='ltr'><strong>nominis</strong></span> <span class='ocrx_word' id='word_1_154' title='bbox 921 1863 1123 1940; x_wconf 79' lang='lat' dir='ltr'><strong>quaestionem</strong></span> 
     </span>
     <span class='ocr_line' id='line_1_20' title="bbox 118 1945 1125 2025; baseline 0 -20"><span class='ocrx_word' id='word_1_155' title='bbox 118 1946 205 2006; x_wconf 85' lang='lat' dir='ltr'><strong>habet</strong></span> <span class='ocrx_word' id='word_1_156' title='bbox 219 1946 404 2025; x_wconf 79' lang='lat' dir='ltr'><strong>generalem,</strong></span> <span class='ocrx_word' id='word_1_157' title='bbox 428 1955 458 2007; x_wconf 89' lang='lat' dir='ltr'><strong>et</strong></span> <span class='ocrx_word' id='word_1_158' title='bbox 475 1963 550 2024; x_wconf 85' lang='lat' dir='ltr'><strong>quae</strong></span> <span class='ocrx_word' id='word_1_159' title='bbox 572 1963 639 2005; x_wconf 90' lang='lat' dir='ltr'><strong>esse</strong></span> <span class='ocrx_word' id='word_1_160' title='bbox 660 1946 745 2005; x_wconf 89' lang='lat' dir='ltr'><strong>etiam</strong></span> <span class='ocrx_word' id='word_1_161' title='bbox 763 1948 834 2006; x_wconf 85' lang='lat' dir='ltr'><strong>citra</strong></span> <span class='ocrx_word' id='word_1_162' title='bbox 855 1945 1040 2024; x_wconf 82' lang='lat' dir='ltr'><strong>complexum</strong></span> <span class='ocrx_word' id='word_1_163' title='bbox 1059 1963 1125 2006; x_wconf 87' lang='lat' dir='ltr'><strong>cau·</strong></span> 
     </span>
     <span class='ocr_line' id='line_1_21' title="bbox 118 2027 1126 2110; baseline 0 -21"><span class='ocrx_word' id='word_1_164' title='bbox 118 2047 170 2090; x_wconf 85' lang='lat' dir='ltr'><strong>sae</strong></span> <span class='ocrx_word' id='word_1_165' title='bbox 186 2033 295 2109; x_wconf 66' lang='lat' dir='ltr'><strong>possim</strong></span> <span class='ocrx_word' id='word_1_166' title='bbox 314 2033 498 2110; x_wconf 82' lang='lat' dir='ltr'><strong>scriptumst</strong></span> <span class='ocrx_word' id='word_1_167' title='bbox 515 2029 650 2090; x_wconf 87' lang='lat' dir='ltr'><strong>voluntas</strong></span> <span class='ocrx_word' id='word_1_168' title='bbox 667 2029 704 2090; x_wconf 90' lang='lat' dir='ltr'><strong>de</strong></span> <span class='ocrx_word' id='word_1_169' title='bbox 724 2045 761 2090; x_wconf 88' lang='lat' dir='ltr'><strong>eo</strong></span> <span class='ocrx_word' id='word_1_170' title='bbox 778 2029 905 2108; x_wconf 86' lang='lat' dir='ltr'><strong>disputat</strong></span> <span class='ocrx_word' id='word_1_171' title='bbox 918 2028 1027 2105; x_wconf 88' lang='lat' dir='ltr'><strong>verbo,</strong></span> <span class='ocrx_word' id='word_1_172' title='bbox 1048 2027 1126 2108; x_wconf 90' lang='lat' dir='ltr'><strong>quod</strong></span> 
     </span>
     <span class='ocr_line' id='line_1_22' title="bbox 119 2111 1127 2193; baseline 0 -20"><span class='ocrx_word' id='word_1_173' title='bbox 119 2124 164 2174; x_wconf 89' lang='lat' dir='ltr'><strong>est</strong></span> <span class='ocrx_word' id='word_1_174' title='bbox 179 2117 208 2174; x_wconf 91' lang='lat' dir='ltr'><strong>in</strong></span> <span class='ocrx_word' id='word_1_175' title='bbox 222 2115 307 2193; x_wconf 85' lang='lat' dir='ltr'><strong>lege,</strong></span> <span class='ocrx_word' id='word_1_176' title='bbox 324 2115 512 2192; x_wconf 78' lang='lat' dir='ltr'><strong>syllogismus</strong></span> <span class='ocrx_word' id='word_1_177' title='bbox 528 2114 564 2173; x_wconf 93' lang='lat' dir='ltr'><strong>de</strong></span> <span class='ocrx_word' id='word_1_178' title='bbox 580 2131 633 2190; x_wconf 92' lang='lat' dir='ltr'><strong>eo,</strong></span> <span class='ocrx_word' id='word_1_179' title='bbox 656 2113 734 2191; x_wconf 94' lang='lat' dir='ltr'><strong>quod</strong></span> <span class='ocrx_word' id='word_1_180' title='bbox 750 2131 807 2174; x_wconf 92' lang='lat' dir='ltr'><strong>non</strong></span> <span class='ocrx_word' id='word_1_181' title='bbox 824 2122 879 2173; x_wconf 91' lang='grc' dir='ltr'><strong>εει.</strong></span> <span class='ocrx_word' id='word_1_182' title='bbox 921 2111 1127 2192; x_wconf 77' lang='lat' dir='ltr'><strong>Amphidoline</strong></span> 
     </span>
     <span class='ocr_line' id='line_1_23' title="bbox 119 2197 1127 2276; baseline 0.001 -20"><span class='ocrx_word' id='word_1_183' title='bbox 119 2197 154 2256; x_wconf 91' lang='lat' dir='ltr'><strong>lis</strong></span> <span class='ocrx_word' id='word_1_184' title='bbox 173 2200 201 2259; x_wconf 94' lang='lat' dir='ltr'><strong>in</strong></span> <span class='ocrx_word' id='word_1_185' title='bbox 216 2198 362 2259; x_wconf 86' lang='lat' dir='ltr'><strong>diversum</strong></span> <span class='ocrx_word' id='word_1_186' title='bbox 377 2198 479 2272; x_wconf 86' lang='lat' dir='ltr'><strong>trahit,</strong></span> <span class='ocrx_word' id='word_1_187' title='bbox 502 2197 600 2275; x_wconf 85' lang='lat' dir='ltr'><strong>legum</strong></span> <span class='ocrx_word' id='word_1_188' title='bbox 616 2199 822 2258; x_wconf 85' lang='lat' dir='ltr'><strong>contrariarum</strong></span> <span class='ocrx_word' id='word_1_189' title='bbox 839 2216 876 2257; x_wconf 83' lang='lat' dir='ltr'><strong>ex</strong></span> <span class='ocrx_word' id='word_1_190' title='bbox 890 2197 1008 2258; x_wconf 86' lang='lat' dir='ltr'><strong>diverso</strong></span> <span class='ocrx_word' id='word_1_191' title='bbox 1029 2214 1127 2276; x_wconf 85' lang='lat' dir='ltr'><strong>pugna</strong></span> 
     </span>
    </p>

    <p class='ocr_par' dir='ltr' id='par_1_7' title="bbox 90 2280 1125 2445">
     <span class='ocr_line' id='line_1_24' title="bbox 90 2280 1125 2361; baseline -0.004 -15"><span class='ocrx_word' id='word_1_192' title='bbox 90 2290 174 2346; x_wconf 71' lang='lat' dir='ltr'><strong>lest.</strong></span> <span class='ocrx_word' id='word_1_193' title='bbox 210 2281 314 2361; x_wconf 88' lang='lat' dir='ltr'><strong>Neque</strong></span> <span class='ocrx_word' id='word_1_194' title='bbox 337 2283 478 2341; x_wconf 87' lang='lat' dir='ltr'><strong>immerito</strong></span> <span class='ocrx_word' id='word_1_195' title='bbox 505 2289 534 2340; x_wconf 89' lang='lat' dir='ltr'><strong>et</strong></span> <span class='ocrx_word' id='word_1_196' title='bbox 556 2291 676 2360; x_wconf 88' lang='lat' dir='ltr'><strong>recepta</strong></span> <span class='ocrx_word' id='word_1_197' title='bbox 693 2290 738 2342; x_wconf 87' lang='lat' dir='ltr'><strong>est</strong></span> <span class='ocrx_word' id='word_1_198' title='bbox 755 2301 772 2342; x_wconf 88' lang='lat' dir='ltr'><strong>a</strong></span> <span class='ocrx_word' id='word_1_199' title='bbox 787 2281 963 2342; x_wconf 81' lang='lat' dir='ltr'><strong>doctissimis</strong></span> <span class='ocrx_word' id='word_1_200' title='bbox 980 2280 1057 2342; x_wconf 85' lang='lat' dir='ltr'><strong>haec</strong></span> <span class='ocrx_word' id='word_1_201' title='bbox 1071 2280 1125 2342; x_wconf 89' lang='lat' dir='ltr'><strong>dii·</strong></span> 
     </span>
     <span class='ocr_line' id='line_1_25' title="bbox 120 2365 974 2445; baseline 0.002 -22"><span class='ocrx_word' id='word_1_202' title='bbox 120 2365 242 2426; x_wconf 89' lang='lat' dir='ltr'><strong>ierentia</strong></span> <span class='ocrx_word' id='word_1_203' title='bbox 267 2375 296 2426; x_wconf 89' lang='lat' dir='ltr'><strong>et</strong></span> <span class='ocrx_word' id='word_1_204' title='bbox 321 2365 396 2445; x_wconf 86' lang='lat' dir='ltr'><strong>apud</strong></span> <span class='ocrx_word' id='word_1_205' title='bbox 415 2365 553 2444; x_wconf 89' lang='lat' dir='ltr'><strong>plurimos</strong></span> <span class='ocrx_word' id='word_1_206' title='bbox 570 2383 605 2426; x_wconf 89' lang='lat' dir='ltr'><strong>ao</strong></span> <span class='ocrx_word' id='word_1_207' title='bbox 621 2366 859 2444; x_wconf 86' lang='lat' dir='ltr'><strong>prudentissimos</strong></span> <span class='ocrx_word' id='word_1_208' title='bbox 881 2365 974 2426; x_wconf 89' lang='lat' dir='ltr'><strong>durat.</strong></span> 
     </span>
    </p>
   </div>
   <div class='ocr_carea' id='block_1_5' title="bbox 442 2515 796 2569">
    <p class='ocr_par' dir='ltr' id='par_1_8' title="bbox 442 2515 796 2569">
     <span class='ocr_line' id='line_1_26' title="bbox 442 2515 796 2569; baseline 0.003 -3"><span class='ocrx_word' id='word_1_209' title='bbox 442 2516 485 2566; x_wconf 85' lang='lat' dir='ltr'><strong>DE</strong></span> <span class='ocrx_word' id='word_1_210' title='bbox 499 2517 535 2567; x_wconf 94' lang='lat' dir='ltr'><strong>Vl</strong></span> <span class='ocrx_word' id='word_1_211' title='bbox 551 2515 796 2569; x_wconf 81' lang='lat' dir='ltr'><strong>DISPOSlTlONlS.</strong></span> 
     </span>
    </p>
   </div>
   <div class='ocr_carea' id='block_1_6' title="bbox 92 2612 1133 3534">
    <p class='ocr_par' dir='ltr' id='par_1_9' title="bbox 92 2612 1133 3534">
     <span class='ocr_line' id='line_1_27' title="bbox 179 2612 1129 2694; baseline -0.001 -21"><span class='ocrx_word' id='word_1_212' title='bbox 179 2612 239 2674; x_wconf 75' lang='lat' dir='ltr'><strong>m</strong></span> <span class='ocrx_word' id='word_1_213' title='bbox 261 2613 298 2674; x_wconf 92' lang='lat' dir='ltr'><strong>de</strong></span> <span class='ocrx_word' id='word_1_214' title='bbox 319 2612 377 2673; x_wconf 85' lang='lat' dir='ltr'><strong>hoc</strong></span> <span class='ocrx_word' id='word_1_215' title='bbox 403 2615 517 2693; x_wconf 89' lang='lat' dir='ltr'><strong>quidem</strong></span> <span class='ocrx_word' id='word_1_216' title='bbox 539 2633 650 2694; x_wconf 90' lang='lat' dir='ltr'><strong>genere</strong></span> <span class='ocrx_word' id='word_1_217' title='bbox 678 2613 893 2694; x_wconf 88' lang='lat' dir='ltr'><strong>dispositionis,</strong></span> <span class='ocrx_word' id='word_1_218' title='bbox 931 2612 1045 2674; x_wconf 78' lang='lat' dir='ltr'><strong>etiamsi</strong></span> <span class='ocrx_word' id='word_1_219' title='bbox 1071 2629 1129 2674; x_wconf 89' lang='lat' dir='ltr'><strong>non</strong></span> 
     </span>
     <span class='ocr_line' id='line_1_28' title="bbox 92 2696 1129 2778; baseline -0.004 -18"><span class='ocrx_word' id='word_1_220' title='bbox 92 2700 228 2774; x_wconf 74' lang='lat' dir='ltr'><strong>somnia,</strong></span> <span class='ocrx_word' id='word_1_221' title='bbox 250 2697 324 2758; x_wconf 90' lang='lat' dir='ltr'><strong>tradi</strong></span> <span class='ocrx_word' id='word_1_222' title='bbox 345 2706 439 2757; x_wconf 86' lang='lat' dir='ltr'><strong>tamen</strong></span> <span class='ocrx_word' id='word_1_223' title='bbox 458 2699 553 2778; x_wconf 87' lang='lat' dir='ltr'><strong>aliqua</strong></span> <span class='ocrx_word' id='word_1_224' title='bbox 575 2709 745 2778; x_wconf 79' lang='lat' dir='ltr'><strong>potuerunt·</strong></span> <span class='ocrx_word' id='word_1_225' title='bbox 770 2699 841 2760; x_wconf 88' lang='lat' dir='ltr'><strong>Sunt</strong></span> <span class='ocrx_word' id='word_1_226' title='bbox 862 2697 935 2775; x_wconf 89' lang='lat' dir='ltr'><strong>alia,</strong></span> <span class='ocrx_word' id='word_1_227' title='bbox 961 2713 1053 2776; x_wconf 79' lang='lat' dir='ltr'><strong>quoe,</strong></span> <span class='ocrx_word' id='word_1_228' title='bbox 1075 2696 1129 2758; x_wconf 91' lang='lat' dir='ltr'><strong>nisi</strong></span> 
     </span>
     <span class='ocr_line' id='line_1_29' title="bbox 121 2781 1128 2861; baseline -0.001 -20"><span class='ocrx_word' id='word_1_229' title='bbox 121 2783 287 2861; x_wconf 87' lang='lat' dir='ltr'><strong>proposita,</strong></span> <span class='ocrx_word' id='word_1_230' title='bbox 308 2782 344 2842; x_wconf 98' lang='lat' dir='ltr'><strong>de</strong></span> <span class='ocrx_word' id='word_1_231' title='bbox 361 2800 417 2860; x_wconf 88' lang='lat' dir='ltr'><strong>qua</strong></span> <span class='ocrx_word' id='word_1_232' title='bbox 433 2783 584 2843; x_wconf 82' lang='lat' dir='ltr'><strong>dicendum</strong></span> <span class='ocrx_word' id='word_1_233' title='bbox 600 2793 661 2860; x_wconf 90' lang='lat' dir='ltr'><strong>est,</strong></span> <span class='ocrx_word' id='word_1_234' title='bbox 677 2785 815 2859; x_wconf 87' lang='lat' dir='ltr'><strong>materia,</strong></span> <span class='ocrx_word' id='word_1_235' title='bbox 839 2783 915 2842; x_wconf 85' lang='lat' dir='ltr'><strong>uiam</strong></span> <span class='ocrx_word' id='word_1_236' title='bbox 930 2781 1055 2842; x_wconf 93' lang='lat' dir='ltr'><strong>docendi</strong></span> <span class='ocrx_word' id='word_1_237' title='bbox 1070 2798 1128 2841; x_wconf 91' lang='lat' dir='ltr'><strong>non</strong></span> 
     </span>
     <span class='ocr_line' id='line_1_30' title="bbox 121 2864 1129 2946; baseline -0.003 -20"><span class='ocrx_word' id='word_1_238' title='bbox 121 2866 290 2945; x_wconf 86' lang='lat' dir='ltr'><strong>praebeant.</strong></span> <span class='ocrx_word' id='word_1_239' title='bbox 323 2865 389 2925; x_wconf 91' lang='lat' dir='ltr'><strong>Non</strong></span> <span class='ocrx_word' id='word_1_240' title='bbox 405 2869 479 2926; x_wconf 87' lang='lat' dir='ltr'><strong>enim</strong></span> <span class='ocrx_word' id='word_1_241' title='bbox 495 2886 583 2928; x_wconf 82' lang='lat' dir='ltr'><strong>causa</strong></span> <span class='ocrx_word' id='word_1_242' title='bbox 598 2870 733 2928; x_wconf 83' lang='lat' dir='ltr'><strong>universa</strong></span> <span class='ocrx_word' id='word_1_243' title='bbox 748 2870 776 2928; x_wconf 93' lang='lat' dir='ltr'><strong>in</strong></span> <span class='ocrx_word' id='word_1_244' title='bbox 791 2868 978 2946; x_wconf 84' lang='lat' dir='ltr'><strong>quaestiones</strong></span> <span class='ocrx_word' id='word_1_245' title='bbox 994 2883 1030 2926; x_wconf 88' lang='lat' dir='ltr'><strong>ac</strong></span> <span class='ocrx_word' id='word_1_246' title='bbox 1044 2864 1129 2926; x_wconf 91' lang='lat' dir='ltr'><strong>locos</strong></span> 
     </span>
     <span class='ocr_line' id='line_1_31' title="bbox 121 2948 1130 3032; baseline -0.002 -22"><span class='ocrx_word' id='word_1_247' title='bbox 121 2949 282 3010; x_wconf 88' lang='lat' dir='ltr'><strong>diducenda</strong></span> <span class='ocrx_word' id='word_1_248' title='bbox 303 2958 365 3026; x_wconf 88' lang='lat' dir='ltr'><strong>est,</strong></span> <span class='ocrx_word' id='word_1_249' title='bbox 387 2951 439 3010; x_wconf 87' lang='lat' dir='ltr'><strong>sed</strong></span> <span class='ocrx_word' id='word_1_250' title='bbox 461 2952 516 3012; x_wconf 89' lang='lat' dir='ltr'><strong>hae</strong></span> <span class='ocrx_word' id='word_1_251' title='bbox 535 2954 618 3031; x_wconf 88' lang='lat' dir='ltr'><strong>ipsae</strong></span> <span class='ocrx_word' id='word_1_252' title='bbox 638 2961 737 3032; x_wconf 86' lang='lat' dir='ltr'><strong>partes</strong></span> <span class='ocrx_word' id='word_1_253' title='bbox 757 2950 865 3011; x_wconf 86' lang='lat' dir='ltr'><strong>hahent</strong></span> <span class='ocrx_word' id='word_1_254' title='bbox 881 2969 980 3010; x_wconf 90' lang='lat' dir='ltr'><strong>rursus</strong></span> <span class='ocrx_word' id='word_1_255' title='bbox 998 2948 1130 3010; x_wconf 87' lang='lat' dir='ltr'><strong>ordinem</strong></span> 
     </span>
     <span class='ocr_line' id='line_1_32' title="bbox 121 3032 1130 3115; baseline -0.001 -22"><span class='ocrx_word' id='word_1_256' title='bbox 121 3036 211 3093; x_wconf 89' lang='lat' dir='ltr'><strong>suum.</strong></span> <span class='ocrx_word' id='word_1_257' title='bbox 257 3032 329 3093; x_wconf 86' lang='lat' dir='ltr'><strong>Nam</strong></span> <span class='ocrx_word' id='word_1_258' title='bbox 346 3042 375 3094; x_wconf 90' lang='lat' dir='ltr'><strong>et</strong></span> <span class='ocrx_word' id='word_1_259' title='bbox 391 3035 420 3094; x_wconf 90' lang='lat' dir='ltr'><strong>in</strong></span> <span class='ocrx_word' id='word_1_260' title='bbox 435 3038 586 3114; x_wconf 89' lang='lat' dir='ltr'><strong>prooemio</strong></span> <span class='ocrx_word' id='word_1_261' title='bbox 603 3038 723 3115; x_wconf 90' lang='lat' dir='ltr'><strong>primum</strong></span> <span class='ocrx_word' id='word_1_262' title='bbox 744 3044 790 3095; x_wconf 89' lang='lat' dir='ltr'><strong>est</strong></span> <span class='ocrx_word' id='word_1_263' title='bbox 804 3033 911 3112; x_wconf 86' lang='lat' dir='ltr'><strong>aliquid</strong></span> <span class='ocrx_word' id='word_1_264' title='bbox 927 3043 956 3094; x_wconf 91' lang='lat' dir='ltr'><strong>et</strong></span> <span class='ocrx_word' id='word_1_265' title='bbox 971 3033 1130 3095; x_wconf 90' lang='lat' dir='ltr'><strong>secundum</strong></span> 
     </span>
     <span class='ocr_line' id='line_1_33' title="bbox 121 3117 1129 3198; baseline -0.001 -20"><span class='ocrx_word' id='word_1_266' title='bbox 121 3135 156 3178; x_wconf 86' lang='lat' dir='ltr'><strong>ac</strong></span> <span class='ocrx_word' id='word_1_267' title='bbox 175 3117 333 3197; x_wconf 87' lang='lat' dir='ltr'><strong>deinceps,</strong></span> <span class='ocrx_word' id='word_1_268' title='bbox 361 3128 390 3178; x_wconf 90' lang='lat' dir='ltr'><strong>et</strong></span> <span class='ocrx_word' id='word_1_269' title='bbox 405 3122 538 3198; x_wconf 86' lang='lat' dir='ltr'><strong>quaestio</strong></span> <span class='ocrx_word' id='word_1_270' title='bbox 560 3121 658 3181; x_wconf 87' lang='lat' dir='ltr'><strong>omnis:</strong></span> <span class='ocrx_word' id='word_1_271' title='bbox 674 3138 709 3179; x_wconf 87' lang='lat' dir='ltr'><strong>ac</strong></span> <span class='ocrx_word' id='word_1_272' title='bbox 724 3118 808 3179; x_wconf 90' lang='lat' dir='ltr'><strong>loeus</strong></span> <span class='ocrx_word' id='word_1_273' title='bbox 826 3118 914 3178; x_wconf 85' lang='lat' dir='ltr'><strong>habet</strong></span> <span class='ocrx_word' id='word_1_274' title='bbox 930 3135 1009 3177; x_wconf 89' lang='lat' dir='ltr'><strong>suam</strong></span> <span class='ocrx_word' id='word_1_275' title='bbox 1031 3117 1129 3196; x_wconf 92' lang='lat' dir='ltr'><strong>dispo·</strong></span> 
     </span>
     <span class='ocr_line' id='line_1_34' title="bbox 93 3201 1131 3282; baseline -0.006 -16"><span class='ocrx_word' id='word_1_276' title='bbox 93 3203 256 3266; x_wconf 79' lang='lat' dir='ltr'><strong>dsitionem</strong></span> <span class='ocrx_word' id='word_1_277' title='bbox 275 3211 306 3261; x_wconf 91' lang='lat' dir='ltr'><strong>ut</strong></span> <span class='ocrx_word' id='word_1_278' title='bbox 321 3202 421 3262; x_wconf 89' lang='lat' dir='ltr'><strong>theses</strong></span> <span class='ocrx_word' id='word_1_279' title='bbox 441 3205 526 3263; x_wconf 84' lang='lat' dir='ltr'><strong>etiam</strong></span> <span class='ocrx_word' id='word_1_280' title='bbox 542 3203 700 3282; x_wconf 89' lang='lat' dir='ltr'><strong>simplices.</strong></span> <span class='ocrx_word' id='word_1_281' title='bbox 742 3202 805 3262; x_wconf 91' lang='lat' dir='ltr'><strong>Nisi</strong></span> <span class='ocrx_word' id='word_1_282' title='bbox 821 3202 899 3262; x_wconf 84' lang='lat' dir='ltr'><strong>iorte</strong></span> <span class='ocrx_word' id='word_1_283' title='bbox 919 3203 989 3262; x_wconf 86' lang='lat' dir='ltr'><strong>satis</strong></span> <span class='ocrx_word' id='word_1_284' title='bbox 1013 3202 1070 3261; x_wconf 88' lang='lat' dir='ltr'><strong>erit</strong></span> <span class='ocrx_word' id='word_1_285' title='bbox 1086 3201 1131 3261; x_wconf 86' lang='lat' dir='ltr'><strong>di·</strong></span> 
     </span>
     <span class='ocr_line' id='line_1_35' title="bbox 121 3285 1132 3366; baseline 0.002 -23"><span class='ocrx_word' id='word_1_286' title='bbox 121 3287 237 3349; x_wconf 92' lang='lat' dir='ltr'><strong>videndi</strong></span> <span class='ocrx_word' id='word_1_287' title='bbox 256 3288 384 3365; x_wconf 87' lang='lat' dir='ltr'><strong>peritus,</strong></span> <span class='ocrx_word' id='word_1_288' title='bbox 411 3289 458 3366; x_wconf 94' lang='lat' dir='ltr'><strong>qui</strong></span> <span class='ocrx_word' id='word_1_289' title='bbox 485 3289 713 3348; x_wconf 87' lang='lat' dir='ltr'><strong>controversiam</strong></span> <span class='ocrx_word' id='word_1_290' title='bbox 740 3289 768 3347; x_wconf 93' lang='lat' dir='ltr'><strong>in</strong></span> <span class='ocrx_word' id='word_1_291' title='bbox 794 3285 868 3346; x_wconf 88' lang='lat' dir='ltr'><strong>haec</strong></span> <span class='ocrx_word' id='word_1_292' title='bbox 894 3285 1054 3362; x_wconf 81' lang='lat' dir='ltr'><strong>diduxerit,</strong></span> <span class='ocrx_word' id='word_1_293' title='bbox 1086 3285 1132 3345; x_wconf 81' lang='lat' dir='ltr'><strong>An</strong></span> 
     </span>
     <span class='ocr_line' id='line_1_36' title="bbox 122 3367 1133 3450; baseline 0 -22"><span class='ocrx_word' id='word_1_294' title='bbox 122 3386 206 3430; x_wconf 85' lang='lat' dir='ltr'><strong>omne</strong></span> <span class='ocrx_word' id='word_1_295' title='bbox 229 3372 386 3449; x_wconf 84' lang='lat' dir='ltr'><strong>praemium</strong></span> <span class='ocrx_word' id='word_1_296' title='bbox 411 3370 545 3432; x_wconf 88' lang='lat' dir='ltr'><strong>virolorti</strong></span> <span class='ocrx_word' id='word_1_297' title='bbox 571 3370 693 3433; x_wconf 85' lang='lat' dir='ltr'><strong>dandum</strong></span> <span class='ocrx_word' id='word_1_298' title='bbox 719 3373 774 3448; x_wconf 85' lang='lat' dir='ltr'><strong>sit,</strong></span> <span class='ocrx_word' id='word_1_299' title='bbox 801 3389 836 3430; x_wconf 86' lang='lat' dir='ltr'><strong>an</strong></span> <span class='ocrx_word' id='word_1_300' title='bbox 861 3387 897 3429; x_wconf 83' lang='lat' dir='ltr'><strong>ex</strong></span> <span class='ocrx_word' id='word_1_301' title='bbox 922 3370 1053 3450; x_wconf 83' lang='lat' dir='ltr'><strong>priuato;</strong></span> <span class='ocrx_word' id='word_1_302' title='bbox 1086 3367 1133 3429; x_wconf 78' lang='lat' dir='ltr'><strong>An</strong></span> 
     </span>
     <span class='ocr_line' id='line_1_37' title="bbox 121 3451 1132 3534; baseline 0.001 -22"><span class='ocrx_word' id='word_1_303' title='bbox 121 3455 253 3532; x_wconf 87' lang='lat' dir='ltr'><strong>nuptiae,</strong></span> <span class='ocrx_word' id='word_1_304' title='bbox 270 3473 305 3515; x_wconf 87' lang='lat' dir='ltr'><strong>an</strong></span> <span class='ocrx_word' id='word_1_305' title='bbox 318 3456 397 3532; x_wconf 88' lang='lat' dir='ltr'><strong>eius,</strong></span> <span class='ocrx_word' id='word_1_306' title='bbox 414 3472 489 3534; x_wconf 87' lang='lat' dir='ltr'><strong>quae</strong></span> <span class='ocrx_word' id='word_1_307' title='bbox 500 3464 588 3533; x_wconf 88' lang='lat' dir='ltr'><strong>nupta</strong></span> <span class='ocrx_word' id='word_1_308' title='bbox 598 3455 652 3532; x_wconf 88' lang='lat' dir='ltr'><strong>sit,</strong></span> <span class='ocrx_word' id='word_1_309' title='bbox 669 3451 809 3515; x_wconf 80' lang='lat' dir='ltr'><strong>achaeo?</strong></span> <span class='ocrx_word' id='word_1_310' title='bbox 830 3454 950 3531; x_wconf 86' lang='lat' dir='ltr'><strong>deinde,</strong></span> <span class='ocrx_word' id='word_1_311' title='bbox 968 3471 1032 3514; x_wconf 88' lang='lat' dir='ltr'><strong>oum</strong></span> <span class='ocrx_word' id='word_1_312' title='bbox 1044 3452 1132 3514; x_wconf 83' lang='lat' dir='ltr'><strong>luerit</strong></span> 
     </span>
    </p>
   </div>
   <div class='ocr_carea' id='block_1_7' title="bbox 0 0 1214 3854">
    <p class='ocr_par' dir='ltr' id='par_1_10' title="bbox 0 0 1214 3854">
     <span class='ocr_line' id='line_1_38' title="bbox 0 0 1214 3854; baseline 0 0"><span class='ocrx_word' id='word_1_313' title='bbox 0 0 1214 3854; x_wconf 95' lang='lat' dir='ltr'><strong> </strong></span> 
     </span>
    </p>
   </div>
  </div>
 </body>
</html>
