2408 3854
118 194 159 258 34
436 206 568 255 mrum
584 207 804 268 Qum'rlusltt

89 365 226 441 ascripto
252 363 333 422 etde
354 361 504 422 voluntate
524 363 681 440 quaeritur.
724 362 756 423 ld
778 371 836 422 tum
850 363 972 440 accidit,
995 380 1060 425 eum
1078 372 1124 427 εει

117 449 145 506 in
160 447 228 523 lege
245 445 341 526 aliqua
363 446 536 507 obscuritas.
580 445 613 506 ln
628 464 663 505 ea
679 455 728 506 aut
739 456 862 524 uterque
879 463 960 507 suam
980 448 1122 527 interpre-

117 533 253 591 tatlonem
274 530 443 605 eonlirmat,
461 530 620 590 adversarii
642 529 802 591 subvertit:
828 529 939 607 utlaio,
963 528 1122 611 rusque

117 616 262 694 druplum
283 616 391 677 soleat.
432 612 502 675 Due
521 616 741 694 surripuerunt
753 616 876 694 pariter
891 615 998 677 deeem
1018 617 1124 687 miliar

114 706 261 779 petuntur
276 700 317 760 ab
333 707 463 776 utroque
478 700 703 777 quadrupema;
723 700 769 760 itte·
779 699 951 776 postulunt,
967 707 1003 760 ut
1014 702 1125 765 meme

118 783 288 860 conferant.
326 781 397 843 Nam
414 790 443 841 et
461 791 543 843 actor
558 782 642 858 dielt,
660 781 718 842 hoe
734 800 802 842 esse
820 782 1029 862 quadruplum,
1046 782 1124 865 quoi

117 874 213 947 petat,
237 874 267 926 ει
284 867 327 926 rei
342 867 416 942 hoe,
439 866 517 944 qued
534 865 672 934 offerant:
700 867 834 927 veluntas
855 883 974 946 quoque
989 869 1125 949 utrinqne

90 950 290 1017 adelenditur.
336 951 409 1025 Aut,
437 968 501 1010 eum
526 950 562 1010 tle
582 950 676 1010 altero
699 950 849 1010 intellectu
871 960 1066 1029 certumnest,
1088 952 1124 1013 de

118 1035 211 1096 altero
230 1034 363 1095 dubium:
383 1032 434 1094 lle
450 1036 611 1096 meretrice
631 1044 723 1096 nutus
739 1055 778 1096 ne
801 1036 1000 1097 centimeter.
1037 1034 1126 1110 Ques

116 1119 211 1198 filium
238 1119 386 1196 habebat,
414 1129 561 1197 prostare
586 1121 701 1197 coepit:
737 1118 917 1198 prohibetur
943 1121 1126 1183 adolesceret

118 1205 265 1267 contione.
301 1202 373 1262 Nam
394 1201 430 1262 de
454 1204 515 1262 eius
545 1203 621 1279 ulie,
644 1220 720 1282 quae
748 1212 814 1263 ante
842 1212 955 1282 partum
985 1204 1125 1265 meretrix

117 1288 186 1362 luit,
204 1295 314 1348 eertum
330 1296 390 1346 est:
409 1305 445 1347 an
461 1286 659 1347 eadenihuius
675 1305 762 1348 eausa
776 1287 828 1362 slt,
845 1286 961 1347 dublum
977 1297 1040 1366 εει,
1060 1288 1125 1368 qula

90 1379 156 1433 lex
171 1371 227 1432 hae
241 1380 325 1431 natus
339 1379 401 1446 εει,
421 1379 450 1430 ει
462 1370 536 1430 haee
546 1373 684 1431 meretrix
700 1381 754 1431 est.
784 1371 868 1432 Solet
883 1380 913 1430 et
927 1370 999 1432 illud
1011 1372 1125 1452 quaeri,

118 1473 175 1537 quo
193 1455 352 1530 referatur,
373 1455 451 1533 quod
467 1457 606 1534 seriptum
623 1465 682 1532 εει,
699 1454 755 1517 Bis
775 1455 815 1517 de
835 1456 944 1517 eudem
965 1473 1002 1518 re
1026 1474 1068 1518 rte
1088 1458 1127 1519 sit

52 1562 58 1567 ·
118 1540 219 1608 actim·
234 1539 263 1599 id
279 1548 337 1614 est,
354 1537 412 1599 hoe
426 1540 472 1601 ln‘s
488 1539 668 1600 electorem
684 1557 719 1600 an
734 1541 769 1600 ad
784 1535 952 1600 actionem?
987 1539 1073 1602 llaee
1089 1556 1125 1601 er

118 1625 180 1683 iure
198 1622 334 1684 obseura.

181 1707 312 1767 Alterum
323 1725 416 1785 genus
430 1716 474 1768 est
487 1726 524 1768 ex
535 1707 702 1775 manifest0;
720 1706 797 1786 quod
810 1708 858 1785 qui
869 1706 964 1768 solum
977 1707 1125 1785 viderunt,

118 1792 194 1852 hune
209 1799 312 1852 statum
333 1792 432 1871 planl
449 1801 488 1875 et
508 1792 714 1852 voluntatis
732 1791 926 1872 appellarunt.
959 1791 992 1853 ln
1007 1790 1067 1852 lune
1083 1792 1124 1853 al·

90 1885 179 1939 stera
200 1894 268 1955 pars
290 1878 400 1955 seripto
422 1878 519 1936 nititur
540 1875 633 1937 altera
651 1876 810 1937 uoluntate.
852 1874 912 1936 Sed
928 1884 1030 1936 eontm
1052 1876 1124 1936 seri·

119 1969 197 2040 ptum
218 1959 309 2020 tribus
331 1960 489 2039 generibus
510 1963 681 2021 occurritur.
726 1959 819 2020 Unum
840 1968 903 2036 est,
932 1961 961 2019 in
981 1976 1041 2039 quo
1057 1959 1122 2039 ipsu

118 2053 212 2124 patet,
235 2061 353 2122 semper
377 2045 405 2106 id
425 2046 537 2105 serrari
558 2061 616 2104 non
631 2060 737 2123 posse:
760 2042 863 2105 Liberi
875 2051 1024 2123 parentes
1037 2044 1125 2107 alum

118 2130 388 2199 ammanitarum
415 2145 473 2188 nou
488 2131 563 2188 enim
584 2127 750 2205 alligabitur
778 2127 881 2188 inians.
931 2126 985 2188 Hie
1005 2128 1063 2189 erit
1089 2126 1123 2191 al

119 2212 175 2271 alia
195 2213 348 2287 transitus,
375 2220 404 2271 et
426 2213 545 2288 divisio,
568 2210 641 2272 Num
664 2213 794 2291 quisquis
816 2229 874 2272 non
898 2209 1025 2275 aluerit?
1059 2228 1122 2272 num

91 2292 187 2360 thie?
222 2295 390 2374 Proponunt
402 2296 517 2375 quidam
533 2296 592 2358 tale
607 2314 699 2374 genus
715 2299 995 2373 eontrouersiarum,
1017 2298 1047 2356 in
1068 2310 1123 2375 quo

119 2378 226 2438 nullum
247 2389 444 2456 argumentum
468 2389 528 2457 est,
548 2380 625 2461 qued
642 2398 679 2441 ex
694 2380 763 2458 lege
776 2382 840 2459 ipsa
856 2382 917 2460 peti
938 2383 1049 2460 possit,
1073 2378 1124 2440 seul

119 2462 156 2523 de
173 2479 209 2522 eo
227 2471 349 2540 tantum,
368 2463 405 2524 de
421 2482 478 2544 quo
495 2464 530 2524 lis
547 2473 607 2541 εει,
625 2464 819 2544 quaerendum
835 2467 881 2525 sit.
926 2463 1124 2544 Perepn‘mtr,

117 2551 146 2609 si
169 2566 288 2610 murum
308 2550 500 2628 ascenderit,
520 2551 621 2630 cupite
636 2550 795 2629 punietur.
840 2547 916 2611 Cum
936 2549 1038 2611 hostes
1058 2566 1125 2610 mu·

119 2650 188 2694 rum
202 2634 430 2712 ascendissent,
444 2636 630 2714 peroptimus
644 2651 697 2695 eos
711 2634 827 2713 depulit
832 2657 847 2705 ‚-
864 2635 981 2713 petitur
994 2634 1040 2694 ad
1054 2650 1124 2713 sap-

92 2717 253 2795 lpls'cium.
286 2716 353 2777 Non
364 2727 447 2778 erunt
462 2718 509 2779 hie
525 2726 677 2797 separatae
693 2719 896 2796 quaestiones,
917 2716 962 2776 An
972 2716 1125 2797 quisquis?

120 2819 156 2860 an
176 2796 245 2860 hiel
268 2803 334 2880 quia
355 2802 463 2863 nullum
483 2811 581 2881 potest
599 2800 697 2862 afferri
717 2811 915 2880 argumentum
930 2808 1033 2862 eontra
1054 2800 1124 2862 serl·

120 2893 199 2964 ptum
215 2884 414 2946 vehementius
432 2903 485 2962 εο,
503 2886 581 2964 quod
597 2886 625 2945 in
644 2885 695 2946 lite
711 2896 770 2954 est;
791 2887 845 2947 sed
860 2886 918 2946 hoe
933 2894 1060 2962 tantum,
1081 2884 1126 2944 An

43 2998 55 3007 =
120 2987 156 3027 ne
174 2969 335 3029 servandae
353 2969 467 3048 quidem
484 2971 606 3030 civitatis
624 2967 733 3031 eausa?
768 2969 849 3047 Ergo
866 2970 1014 3048 aequitate
1030 2978 1061 3030 ει
1075 2984 1125 3029 uo·

121 3052 230 3112 luntate
251 3053 443 3131 pugnandum.
484 3051 562 3114 Fieri
579 3063 674 3114 tamen
690 3063 804 3133 petest,
830 3064 861 3114 ut
877 3073 914 3114 ex
929 3053 994 3114 aliis
1009 3052 1126 3132 legibue

121 3135 256 3215 exempla
271 3135 424 3212 ducamus,
446 3155 500 3216 per
520 3156 595 3217 quae
613 3148 768 3217 appareat,
790 3157 907 3217 semper
929 3139 998 3198 stari
1014 3139 1126 3218 scripta

92 3228 178 3282 enon
201 3237 308 3299 posse,
330 3229 362 3281 ut
382 3218 488 3282 Cicero
503 3240 557 3303 pro
574 3220 701 3284 Caecina
719 3223 798 3284 feeit.
844 3222 989 3298 Tertium,
1013 3222 1126 3282 eumin

114 3305 192 3383 ipsis
218 3303 317 3364 verbis
340 3305 416 3384 legis
443 3309 604 3387 reperimus
629 3307 752 3386 aliquid,
781 3325 835 3386 per
855 3306 934 3386 quod
955 3305 1125 3385 probemus,

120 3387 197 3448 aliud
218 3388 439 3467 legumlatorem
461 3391 608 3468 voluisse,
632 3400 664 3452 ut
687 3392 716 3451 in
739 3392 795 3452 hae
816 3392 1035 3452 controversia:
1068 3387 1127 3465 Qut

119 3478 209 3537 moute
220 3492 289 3536 eam
297 3474 385 3555 ferro
395 3475 608 3557 deprehensus
618 3476 729 3559 fuerit,
745 3477 898 3560 elliqemr.
943 3473 1021 3538 Cum
1035 3475 1127 3575 εεειο
