2408 3854
153 188 212 253 148
459 204 497 251 ιι.
520 202 598 250 uun.
622 202 843 262 oununuunnur

149 358 291 433 mirabor,
307 357 422 418 Latinos
435 356 527 433 magis
543 355 698 417 indulsisse
714 359 917 436 compositioni
935 357 1158 437 quamdudum,

93 451 208 521 linquo
223 443 316 502 minus
333 443 362 500 in
376 438 474 501 verbis
491 438 615 500 habeant
629 441 776 500 varietatis
793 448 823 501 et
836 444 965 518 gratiam
983 459 1039 501 neo
1057 442 1158 502 vitium

150 527 288 600 dixerim,
305 526 331 585 si
347 523 451 585 Gioero
468 541 484 582 a
499 522 698 583 Demosthene
714 524 831 602 paulum
845 527 874 584 in
889 525 944 586 hao
959 534 1043 604 parte
1061 525 1158 586 desai-

150 611 200 669 vit.
246 609 305 670 Sed
321 625 395 688 quae
409 609 448 667 sit
462 606 624 668 differentia
639 608 730 666 nostri
747 605 910 688 Graeoique
924 610 1082 684 sermonis,
1106 626 1157 668 ex·

150 691 271 771 plicabit
286 710 410 753 summus
424 691 508 751 liber.

234 774 414 855 Compositio
427 775 507 854 (nam
518 775 603 836 finem
614 776 763 853 imponere
776 792 899 853 egresso
910 777 1081 839 destinatum
1096 796 1159 840 mo·

151 861 216 921 dum
237 859 374 920 volumini
397 859 520 939 festino)
538 858 628 918 debet
645 876 713 919 esse
735 858 875 938 honesta,
903 861 1042 938 ineunda,
1065 865 1157 923 varia.

92 943 220 1006 luidius
238 952 298 1003 tres
314 952 412 1023 partes
428 942 518 1019 ordo,
536 944 717 1019 coniunctio,
740 961 884 1004 uumerus.
930 944 1016 1006 Ratio
1033 947 1062 1006 iu
1077 947 1157 1008 adie-

149 1028 263 1103 otione
282 1027 481 1103 detractione,
497 1028 669 1096 mutatione:
690 1044 827 1106 ususpro
842 1037 1068 1128 numerorum,
1085 1048 1158 1109 quas

149 1111 283 1171 dicimus:
301 1128 377 1172 nura
393 1128 512 1190 magna,
528 1119 559 1170 ut
573 1111 716 1172 sentiendi
734 1119 821 1190 atqua
834 1113 991 1192 eloquendi
1007 1114 1089 1195 prior
1103 1116 1156 1184 sit;

148 1193 339 1256 dissimulatio
358 1213 445 1256 curae
461 1196 636 1274 praecipua,
656 1204 688 1255 ut
708 1198 818 1256 numeri
833 1206 938 1276 sponte
950 1190 1076 1258 duxisse
1098 1215 1158 1259 non

149 1280 283 1339 arcessiti
300 1286 329 1339 et
344 1280 439 1340 ooaoti
455 1296 522 1338 esse
542 1278 702 1339 rideantur.

504 1485 777 1494 --——.-..-..—·-—.-

516 1638 696 1704 uuuua
735 1640 780 1704 x.
835 1706 842 1731 ,

147 1769 224 1819 Libro
243 1769 339 1819 docimo
358 1769 421 1820 haeo
438 1771 609 1820 eontinentur:
631 1769 668 1820 De
680 1770 911 1898 eopiavarborum.
950 1769 1020 1830 Quae
1034 1770 1154 1836 legenda.

182 1836 229 1897 Qui
248 1836 401 1888 Graecorum
424 1839 535 1889 maxime
558 1839 669 1905 legendi.
733 1840 759 1888 ui
781 1839 960 1891 Romanorum.
1007 1839 1046 1889 Da
1069 1840 1154 1890 imita-

180 1907 260 1960 tione.
287 1906 418 1967 Quomodo
436 1906 607 1960 soribendum.
638 1905 769 1966 Quomodo
788 1907 982 1958 emendandum.
1013 1906 1084 1967 Quae
1102 1923 1157 1959 ma·

181 1975 251 2025 rima
267 1975 410 2029 scribenda.
445 1976 483 2026 De
500 1977 662 2042 «rogitatione.
699 1976 830 2036 Quomodo
849 1975 1030 2043 extemporalis
1043 1975 1155 2027 facilitas

181 2051 286 2110 paretur
304 2050 329 2094 et
347 2046 512 2095 contineatur.

469 2196 512 2248 DE
533 2195 630 2247 coam
647 2194 839 2249 VERBORUM.

208 2308 232 2370 l.
254 2290 317 2374 Sed
336 2307 410 2368 haeo
431 2309 587 2388 eloquendi
609 2318 786 2389 praecepta,
814 2308 888 2368 siout
914 2308 1071 2386 oognitioni
1091 2317 1156 2369 sunt

148 2393 331 2468 numeraria,
348 2391 388 2452 ita
403 2393 541 2454 nonsatis
554 2392 589 2453 ad
601 2395 658 2453 vim
673 2391 788 2453 dioendi
803 2391 917 2467 valent,
934 2393 988 2452 nisi
1003 2390 1061 2452 illis
1076 2391 1158 2452 druna

147 2477 288 2559 quaedam
299 2475 441 2554 facilitas,
458 2494 533 2555 quae
549 2477 625 2556 apud
641 2475 771 2539 Graeoos
785 2473 844 2551 ἕξις
852 2436 1037 2551 nominatur
1053 2493 1155 2537 aooos·

146 2563 233 2632 senit;
267 2562 302 2623 ad
325 2576 409 2640 quam
430 2559 587 2621 scribendo
607 2561 673 2642 pius
692 2579 728 2622 an
743 2559 869 2638 legendo
892 2577 928 2620 an
940 2558 1067 2620 dioendo
1088 2575 1156 2620 oon·

146 2648 272 2722 feratur,
292 2644 391 2706 solere
407 2646 507 2724 quaeri
522 2648 596 2706 soio.
642 2644 727 2720 Quod
745 2653 826 2705 esset
841 2642 973 2722 diligenti
987 2641 1072 2703 nobis
1089 2660 1157 2704 exa·

147 2731 309 2791 minandum
330 2746 414 2805 oura,
434 2730 459 2788 si
477 2730 608 2808 qualibet
624 2746 722 2790 earum
737 2746 834 2789 rarum
847 2744 1002 2808 possemus
1018 2744 1074 2787 una
1090 2743 1157 2786 esse

118 2815 286 2875 aoontenti.
329 2812 438 2873 Verum
462 2815 502 2874 ita
531 2823 598 2874 suut
625 2815 701 2874 inter
722 2831 756 2874 sa
786 2826 918 2874 connexa
945 2820 974 2872 et
1000 2809 1158 2871 indisereta

146 2899 259 2973 omnia,
274 2907 322 2972 ut,
337 2899 362 2957 si
378 2896 445 2976 quid
460 2915 498 2957 ex
512 2898 556 2959 his
572 2898 714 2973 defuerit,
734 2896 892 2958 frustra‘sit
906 2897 935 2956 iu
951 2895 1058 2956 ueteris
1076 2893 1158 2955 iabo-

146 2988 247 3041 ratum.
292 2979 365 3041 Nam
387 2999 483 3060 neque
498 2982 593 3043 solida
610 2990 697 3060 atque
712 2980 832 3041 robusta
849 2980 936 3040 fuerit
957 2994 1081 3058 unquam
1097 2977 1145 3038 elo

147 3065 283 3142 quentia,
310 3065 364 3124 uisi
387 3064 476 3125 multo
498 3066 566 3127 stilo
588 3066 667 3126 vires
685 3065 848 3144 aoaeparit;
876 3073 906 3125 et
930 3064 1001 3124 oitru
1022 3061 1157 3123 iectionis

147 3147 312 3227 exemplum
331 3146 416 3209 labor
438 3148 489 3209 ilie
515 3166 619 3210 oarens
643 3157 760 3210 reaturo
775 3147 846 3208 duit.
885 3145 941 3221 Qui
957 3154 1052 3208 autem
1071 3146 1157 3217 soiet,

148 3249 206 3311 quo
222 3249 356 3312 quaeque
377 3233 434 3291 sint
447 3234 534 3294 modo
550 3233 689 3310 dicenda,
711 3234 766 3294 nisi
780 3242 876 3293 tamen
895 3232 924 3293 in
939 3230 1093 3311 prooiuotu
1107 3246 1156 3308 pa·

147 3325 295 3396 ratamque
312 3315 348 3377 ad
363 3332 463 3377 omnes
488 3334 572 3378 oasus
594 3315 727 3378 habuerit
744 3316 956 3397 eloquentiam,
978 3313 1060 3376 velut
1080 3312 1158 3375 olau-

118 3401 188 3461 ssis
204 3400 348 3462 thesauris
362 3399 519 3461 iuoubnbit.
556 3399 622 3460 Non
636 3409 731 3461 autem
746 3410 777 3461 ut
792 3401 918 3480 quidque
934 3400 1093 3479 praooipue
1107 3413 1156 3457 ne·

146 3485 305 3546 cessarium
324 3494 385 3563 est,
410 3485 453 3546 sio
475 3485 510 3546 ad
528 3483 710 3545 adiiciendum
726 3493 871 3548 oratorem
890 3484 1006 3545 maximi
1026 3480 1157 3562 protinus
