2408 3854
336 189 426 238 mou.
439 188 589 238 ordros.
601 190 671 237 urs.
682 166 748 258 x11,'
756 187 783 241 9.
999 176 1057 240 tot
1174 207 1181 217 ·

58 347 194 425 patientia
217 354 270 405 est.
306 341 378 403 Nam
399 351 428 405 ct
452 344 479 404 iu
499 345 582 423 ipsos
604 345 635 404 iit
655 346 778 423 impetus
799 344 988 424 frequenter,
1013 347 1062 425 qui

58 438 190 506 egerunt,
209 437 239 488 et
255 436 336 488 certe
352 428 540 571 petulantiam
554 431 668 508 patroni
682 428 812 506 litigator
826 427 887 488 luit.
914 429 974 490 Sed
988 429 1062 491 haec

56 514 165 574 minora
181 522 246 573 suut
260 514 326 591 ipso
342 510 394 572 ilo
409 513 480 572 uitio
498 513 599 589 animi,
622 512 700 592 quod
715 511 875 573 maledicus
892 531 908 573 a
925 513 1061 574 malefico

55 614 113 657 non
134 598 221 658 distem
240 597 295 656 uisi
316 595 485 656 occasione.
521 594 625 676 Turpis
646 596 783 676 voluptas
804 606 833 657 et
856 596 1008 657 inhumana
1031 607 1103 661 etlo

55 680 126 741 nulli
143 680 318 742 audientium
332 679 411 740 bono
423 688 505 758 grata
520 697 537 741 a
553 679 747 758 litigatoribus
760 679 877 761 quidem
891 681 1062 760 frequenter

56 767 198 843 exigitur,
215 765 264 843 qui
279 764 419 825 ultionem
434 763 542 824 malunt
557 780 641 844 mam
657 764 866 825 deieusiouem.
892 765 952 826 Sed
964 783 1061 846 neque

55 849 111 911 alia
124 849 212 908 multa
228 848 264 909 ad
280 847 427 909 arbitrium
444 864 545 908 corum
556 847 690 910 iacienda
703 858 782 917 suut;
798 848 856 909 hoc
868 849 984 930 quidem
997 851 1061 928 quis

55 934 199 993 hominum
214 931 301 992 liberi
314 932 401 993 modo
422 932 570 1008 sauguinis
596 934 753 1009 sustineat,
778 933 914 1011 petulans
935 951 1003 994 esse
1027 933 1062 994 ad

57 1016 174 1077 alterius
195 1012 364 1078 arbitrium?
394 1014 483 1096 Atqui
505 1015 640 1076 etiamid
662 1016 822 1076 advocatos
846 1019 937 1095 partis
958 1018 1100 1087 adver-11

56 1119 106 1160 sae
122 1100 249 1161 libenter
262 1100 393 1161 nonnulli
406 1100 594 1169 invehuntur;
623 1100 720 1180 quod,
743 1100 797 1159 uisi
814 1101 839 1159 si
854 1099 932 1161 iorte
947 1119 1061 1161 meruc-

55 1195 136 1261 ruut,
158 1194 187 1245 et
207 1185 388 1245 inhumanum
404 1193 450 1244 est
466 1193 605 1262 respectu
621 1185 810 1244 communium
830 1183 1009 1261 officiorum,
1033 1193 1063 1244 et

57 1287 120 1329 cum
136 1271 191 1347 ipsi
209 1271 258 1348 qui
274 1269 344 1330 dicit
358 1267 458 1328 inutile
476 1268 556 1348 (uam
568 1268 645 1329 idem
660 1269 729 1328 iuris
746 1269 934 1346 responsuris
950 1269 1061 1348 datur),
1163 1312 1167 1317 -

57 1363 115 1413 tum
130 1370 237 1412 causae
254 1353 439 1429 contrarium,
456 1355 522 1431 quia
537 1351 625 1432 plano
640 1352 799 1413 adversarii
816 1352 885 1413 iiuut
900 1361 930 1413 et
945 1353 1061 1429 inimici,

57 1445 86 1495 et
102 1435 383 1516 quantulumcunque
399 1438 441 1497 cis
456 1438 559 1497 virium
573 1445 635 1513 est,
654 1436 829 1497 contumelia
845 1445 977 1516 augetm.
1008 1435 1062 1497 Su·
1072 1451 1104 1502 it

59 1539 112 1598 per
134 1521 227 1580 omnia
246 1523 325 1598 perit
346 1520 411 1596 ilia,
439 1536 515 1600 quae
538 1519 690 1598 plurimum
706 1522 814 1582 oratori
830 1531 861 1581 et
881 1521 1062 1582 auctoritatis

58 1614 86 1663 et
106 1604 173 1664 iidei
195 1603 295 1679 adest,
321 1604 481 1680 modestia,
504 1605 529 1663 si
544 1621 561 1664 a
574 1605 638 1664 viro
655 1604 734 1665 bono
749 1606 778 1663 iu
794 1605 924 1665 rabulam
944 1605 1062 1665 latrato-

57 1706 177 1767 remque
193 1689 389 1764 couvertitur,
413 1689 593 1765 compositus
610 1704 669 1747 uon
691 1688 727 1748 ad
744 1689 866 1747 animum
889 1687 991 1748 iudicis
1010 1688 1064 1747 sed

59 1773 94 1832 ad
112 1771 290 1833 stomachum
304 1772 468 1850 litigatoris.
504 1769 687 1851 Fsequenter
709 1772 795 1831 etiam
810 1774 928 1849 species
944 1770 1107 1837 liberta-13

58 1858 93 1916 tis
110 1855 257 1916 deducere
274 1856 311 1917 ud
328 1857 519 1916 temeritatem
534 1855 612 1916 solet
632 1870 690 1915 uon
706 1855 801 1915 causis
818 1853 904 1914 modo
921 1853 974 1914 sed
990 1853 1063 1933 ipsis

59 1938 662 2104 titiiattdi'dd‘tittiid
678 1937 1064 2100 diiiditidds

296 2069 304 2099 i
980 2067 988 2099 i

59 2106 186 2185 populus
206 2107 415 2169 offenderetur.
448 2106 507 2168 Sed
529 2107 605 2186 quod
625 2106 677 2167 ille
695 2106 732 2177 de
754 2105 884 2186 populo,
908 2107 937 2166 id
953 2122 1011 2184 ego
1028 2105 1064 2164 ds

60 2188 191 2251 omuibus
214 2195 327 2270 sertio,
349 2193 397 2272 qui
418 2191 582 2253 tantumdem
599 2199 722 2270 pomut
738 2206 859 2251 nocero.
896 2188 1064 2269 Numquae

59 2275 162 2351 fortia,
190 2276 256 2336 dum
282 2277 432 2352 dicautur,
460 2274 648 2352 ridebantur,
678 2275 783 2352 stulta,
814 2291 878 2335 cum
905 2274 1063 2352 laeserunt,
1090 2315 1096 2327 .

61 2368 210 2420 vocantur.

144 2441 243 2520 Nunc,
268 2446 335 2523 quia
355 2445 465 2504 varium
486 2443 549 2504 iere
571 2445 752 2523 propositum
777 2444 922 2520 agentium
943 2441 1013 2518 fuit,
1037 2449 1108 2504 etti

62 2526 239 2604 quorundam
255 2545 323 2588 cura
337 2527 479 2588 tarditatis
492 2525 670 2607 quorundam
685 2525 809 2587 facilitas
824 2527 994 2585 temeritatis
1010 2526 1064 2584 ori·

60 2611 135 2669 miue
151 2609 310 2671 laboravit:
333 2629 420 2690 quem
435 2610 552 2671 credam
570 2609 636 2670 iore
651 2612 679 2669 iu
694 2609 753 2670 troc
769 2609 894 2670 oratoris
909 2608 1064 2684 modum,

61 2693 177 2754 tradere
204 2711 262 2754 uon
287 2694 411 2754 alierum
435 2694 560 2755 videtur.
601 2692 716 2754 Afferet
741 2691 777 2754 ad
802 2691 954 2753 dicendum
979 2708 1066 2753 curae
1075 2701 1108 2756 15

62 2796 179 2857 semper
200 2787 336 2857 quantum
358 2778 510 2857 plurimum
531 2779 650 2857 poterit.
681 2775 784 2856 Neque
800 2777 875 2837 euim
892 2775 950 2836 hoc
971 2776 1065 2836 solum

61 2861 239 2940 negligentis
256 2862 308 2922 sed
324 2861 392 2923 mali
407 2872 438 2923 ot
456 2863 486 2922 in
500 2869 639 2941 suscepta
663 2878 751 2922 causa
765 2859 869 2939 perdidi
885 2878 921 2922 ac
937 2860 1065 2940 prodito·

62 2948 102 3005 ris
117 2955 178 3023 est,
201 2947 284 3026 peius
305 2964 397 3025 agere
412 2964 497 3027 quarn
514 2947 618 3027 possit.
651 2945 781 3026 Ideoque
804 2962 842 3006 ue
861 2945 1067 3025 suscipiendae

63 3030 178 3108 quiden
189 3040 254 3091 suut
270 3048 376 3093 ausae
388 3030 499 3110 plures,
515 3048 602 3112 quam
616 3028 720 3109 quibus
736 3030 923 3091 suffecturum
937 3029 1065 3090 sesciat.

62 3113 150 3173 Dicet
165 3117 274 3194 scripta
292 3133 377 3194 mam
390 3134 441 3176 res
457 3117 584 3195 patietur
601 3114 725 3194 piurima
740 3123 787 3190 et,
806 3109 838 3175 ut
851 3112 1066 3174 Demosthenes
1075 3119 1112 3175 16

64 3199 120 3271 ait,
147 3198 172 3256 si
188 3200 352 3277 continget,
377 3207 409 3260 et
421 3198 547 3279 sculpta.
588 3198 649 3260 Sed
665 3198 723 3259 hoc
740 3204 789 3259 aut
803 3200 914 3277 primae
934 3196 1066 3258 actiones

64 3290 112 3341 aut
131 3291 205 3359 quae
222 3284 251 3343 in
266 3282 390 3361 publicis
405 3283 518 3345 iudiciis
534 3291 602 3363 post
620 3283 790 3343 interiectos
806 3281 868 3343 dies
884 3281 986 3341 dautur
998 3295 1066 3358 per·

63 3366 206 3434 miseriut;
231 3373 261 3426 at
276 3384 340 3426 oum
360 3367 491 3445 protinus
510 3365 746 3447 respondendum
767 3374 829 3425 est:
853 3366 947 3424 omnia
970 3361 1067 3441 parari

63 3465 121 3509 nou
144 3459 283 3530 possunt,
308 3451 383 3511 adeo
404 3459 436 3511 ut
457 3451 546 3530 paulo
570 3451 662 3512 miuus
683 3449 828 3530 promptis
851 3449 946 3508 etiam
960 3452 1086 3502 uoces&
