2408 3854
150 185 209 249 192
480 196 841 256 sermocinaremur

147 354 287 414 allaturos
311 352 401 413 inisse
424 362 599 432 proponunt.
643 351 716 413 Nam
739 360 768 411 et
790 353 870 411 inviti
897 351 1010 413 iudices
1035 351 1154 412 audiunt

146 446 380 516 praesumentem
395 445 493 515 partes
510 455 594 512 suas,
617 455 673 496 nec
688 435 745 496 hoo
761 437 869 496 oratori
886 438 1058 511 contingere
1077 437 1154 496 inter

146 520 331 582 adversarios
352 520 430 601 quod
451 520 634 597 Pythagorae
659 521 734 578 inter
750 519 910 599 discipulos
934 528 1048 599 potest:
1079 518 1155 598 lpse

146 606 235 666 dicit.
271 604 331 664 Sed
355 602 431 664 istud
451 607 543 681 magis
565 606 695 664 minusve
716 604 850 662 vitiosum
872 612 918 663 est
939 621 993 682 pro
1016 604 1154 681 personis

102 689 310 749 28dioentium.
348 685 521 748 Delenditur
548 689 624 748 enirn
650 686 973 766 aliquatenusaetue,
1000 686 1152 764 dignitate,

146 773 332 840 auctoritate;
355 790 430 850 qnae
448 780 544 831 tamen
559 774 608 831 vix
623 773 652 830 in
666 770 726 831 ullo
741 779 819 831 tanta
835 769 958 848 luerint,
975 779 1005 832 nt
1021 786 1079 830 non
1095 771 1154 831 hoe

145 856 343 916 affirmationis
355 874 448 933 genus
460 855 677 934 temperandum
700 855 736 913 sit
748 855 845 934 aliqua
859 854 1061 915 moderatione
1077 856 1154 915 sicut

146 941 255 1014 omnia,
284 940 313 998 in
338 939 442 1019 quihus
468 948 607 1018 patronus
630 946 828 1016 argumentum
852 956 945 997 exse
968 939 1032 1018 ipso
1057 947 1151 1016 petet.

144 1021 260 1083 Fuisset
274 1023 424 1099 tumidius,
446 1025 471 1082 si
494 1023 695 1103 accipiendum
715 1022 840 1081 criminis
862 1021 930 1081 loco
949 1031 1089 1100 negasset
1105 1020 1152 1081 Gi·

146 1124 233 1183 cero,
259 1105 373 1186 Equitio
394 1107 516 1167 Romani
537 1125 605 1167 esse
628 1106 734 1182 lilium,
761 1123 795 1164 se
818 1104 1005 1166 defendente.
1040 1104 1080 1165 At
1101 1105 1153 1166 ille

29 1246 31 1250 Α
144 1191 215 1252 lecit
229 1189 287 1251 hoo
303 1191 389 1252 etiam
404 1190 567 1252 favorabile
596 1187 799 1266 coniungendo
818 1207 883 1249 cunr
900 1189 1043 1250 iudicibus
1059 1189 1152 1268 digni·

143 1283 230 1336 tatem
251 1293 346 1335 suam:
379 1272 501 1355 Equitio
522 1274 773 1336 uutem‘Roruuui
794 1291 862 1334 ease
879 1273 990 1352 filium,
1011 1275 1154 1336 criminis

143 1360 209 1421 loco
219 1360 296 1438 poui
310 1360 350 1420 ab
365 1360 610 1434 summioribus,
626 1376 724 1438 neque
736 1357 823 1420 ondin
835 1358 1048 1420 iudicantibus
1061 1376 1152 1436 opor·

144 1444 199 1504 tuit
219 1460 317 1521 neque
338 1443 571 1521 defendentibus
589 1443 685 1507 noma.
1174 1461 1178 1468 ·

100 1535 135 1588 29
228 1525 399 1605 Impudens,
426 1526 616 1604 tumultuosa,
644 1526 780 1587 iracunda
804 1527 881 1588 actio
911 1525 1043 1585 omnihus
1069 1526 1151 1587 inde·

145 1626 229 1679 cora;
251 1609 306 1670 sed
322 1613 488 1690 utquisque
508 1619 623 1686 aetate,
639 1609 789 1689 dignitate,
805 1628 858 1669 usu
874 1609 1038 1689 praecedit,
1056 1612 1152 1688 magis

143 1695 172 1752 in
199 1710 234 1754 ea
259 1693 530 1772 reprehendendus.
573 1694 684 1755 Videas
712 1703 808 1754 antem
837 1695 982 1754 rixatores
1009 1693 1151 1774 quosdam

142 1796 239 1857 neque
255 1778 379 1839 iudicum
398 1781 563 1839 reverentia
585 1797 681 1858 neque
699 1776 805 1855 agendi
826 1796 907 1838 more
926 1796 961 1838 ac
977 1777 1065 1838 modo
1081 1794 1150 1837 con·

142 1863 243 1937 tineri,
272 1879 330 1941 quo
354 1862 477 1942 abipso
503 1865 608 1923 mentis
634 1862 733 1924 habitu
756 1862 939 1923 manifestum
962 1863 1016 1937 sit,
1043 1863 1151 1922 tamin

99 1945 337 2024 30snscipiendis
352 1956 436 2026 quam
452 1949 480 2008 in
497 1948 618 2024 agendis
635 1949 731 2007 causis
746 1945 816 2006 nihil
832 1946 916 2025 pensi
931 1944 1053 2006 habere.
1079 1944 1149 2005 Pro-

142 2029 200 2090 fert
221 2031 297 2092 enirn
317 2048 416 2091 mores
438 2032 608 2112 plerumque
630 2033 723 2091 oratio
747 2039 777 2090 et
794 2031 878 2090 animi
894 2038 1011 2092 secreta
1027 2030 1148 2107 detegit.

142 2112 206 2172 Nec
222 2115 284 2174 sine
301 2134 389 2176 causa
401 2115 506 2176 Graeci
521 2115 719 2196 prodiderunt,
741 2113 881 2190 Utviout,
899 2131 1046 2195 quemque
1058 2116 1149 2176 etium

144 2198 258 2257 dicere.
295 2197 452 2260 llnmiliora
478 2199 528 2260 illa
555 2201 639 2260 vitia:
669 2201 818 2258 summissa
842 2197 985 2276 adulatio,
1013 2198 1149 2258 affectata

143 2280 320 2359 scurrilitas,
347 2284 376 2341 in
399 2282 489 2342 rebus
510 2302 545 2343 ac
572 2283 673 2343 verbis
693 2302 792 2363 parum
815 2282 957 2343 modestis
973 2301 1014 2348 ,ac
1035 2281 1149 2362 pudicis
1167 2345 1170 2352 ,

141 2362 208 2423 nilis
224 2364 333 2442 pudor,
356 2368 384 2425 in
408 2368 484 2425 omni
502 2369 621 2444 negotio
645 2368 784 2445 neglecta
799 2369 969 2436 auotoritas;
992 2384 1067 2446 quae
1084 2366 1149 2427 lere

142 2447 274 2509 accidunt
289 2451 335 2527 iis,
352 2451 400 2530 qni
415 2452 529 2511 nimium
545 2461 592 2511 aut
607 2450 705 2512 blandi
721 2469 788 2512 esse
804 2461 852 2512 ant
866 2450 980 2512 ridiculi
995 2449 1106 2511 nolunt.

98 2540 132 2594 31
223 2534 321 2615 lpsum
339 2536 424 2596 etiam
443 2533 628 2616 eloquentiae
653 2554 748 2614 genus
765 2535 839 2596 alios
855 2535 933 2596 aliud
948 2536 1045 2596 decet.
1075 2533 1149 2595 Nam

142 2634 239 2699 neque
257 2629 314 2681 tam
336 2619 452 2700 plenum
474 2630 504 2680 et
523 2629 653 2682 erectum
668 2629 697 2681 et
714 2620 809 2680 audax
830 2631 859 2680 et
876 2619 1055 2700 praecultum
1071 2620 1148 2679 seni·

141 2700 196 2762 hus
223 2706 394 2765 convenerit
414 2723 498 2784 qnam
526 2723 660 2785 pressum
681 2713 711 2764 et
730 2706 798 2764 mite
821 2714 849 2765 et
871 2704 998 2765 limatum
1013 2713 1043 2765 et
1059 2702 1148 2784 quale

141 2785 265 2864 intelligi
285 2789 347 2848 vult
368 2786 492 2865 Cicero,
520 2809 584 2850 cum
607 2789 692 2866 dicit,
722 2791 884 2849 orationem
904 2807 984 2849 suam
1008 2789 1148 2866 coepisse

141 2887 327 2942 canescere;
353 2874 428 2934 sicut
452 2873 583 2935 vestibus
609 2890 726 2954 qnoque
753 2891 811 2933 non
841 2890 967 2952 purpura
993 2888 1148 2951 coccoque

97 2959 133 3012 32
140 2950 319 3029 fulgentibus
341 2955 390 3016 illa
411 2965 492 3016 aetas
508 2960 579 3018 satis
594 2966 662 3036 apta
678 2959 725 3017 sit.
755 2956 788 3016 In
804 2957 957 3017 iuvenibus
973 2959 1059 3017 etiarn
1075 2953 1148 3015 ube·

140 3036 218 3096 riora
235 3037 334 3115 'paulo
361 3048 390 3098 et
414 3058 507 3117 paene
534 3041 727 3120 periclitantia
754 3040 894 3102 feruntur.
931 3038 1149 3100 asinitatem

140 3120 250 3181 siccum
275 3130 304 3180 et
326 3121 480 3182 sollicitum
506 3133 535 3183 et
551 3132 728 3184 contractum
742 3124 858 3186 dicendi
881 3126 1061 3204 propositum
1083 3122 1147 3202 ple·

140 3222 259 3286 rumque
272 3205 456 3267 affectatione
471 3208 535 3285 ipsa
549 3209 717 3268 severitatis
728 3209 849 3269 invisum
864 3218 919 3286 est,
932 3209 1047 3289 quando
1060 3208 1148 3268 etiam
1194 3220 1197 3227 “

138 3305 250 3350 morum
264 3289 364 3350 senilis
380 3291 536 3351 auctoritas
551 3292 699 3353 immatura
713 3294 741 3351 in
756 3293 995 3355 adolescentibus
1006 3292 1147 3353 creditur.

97 3371 322 3451 hasimpliciora
339 3373 479 3435 militares
500 3375 617 3437 decent.
648 3376 862 3457 Philosophiam
885 3397 923 3438 err
939 3377 1095 3457 professo,
1116 3383 1149 3435 nt

139 3456 253 3532 quidam
277 3458 401 3536 iaciunt,
428 3461 640 3522 ostentantibus
667 3478 767 3540 parurn
793 3461 893 3523 decori
920 3471 985 3522 sunt
1011 3460 1149 3542 plerique
