2408 3854
368 156 812 230 msr.onsr‚oa.sus.1x,s.
1040 152 1099 214 145

77 317 172 378 tlueri.
211 314 370 376 blembrum
386 315 502 397 longius
523 316 616 392 iusto,
639 314 765 382 tardum;
793 315 929 391 brevius,
952 317 1088 380 instabile

77 409 132 462 est.
168 398 340 479 Ubicunque
355 401 462 461 aeriter
473 400 544 476 crit,
560 401 711 475 instanter,
727 401 900 478 pugnaciter
915 399 1084 463 dicendum:

76 484 255 547 membratim
271 485 439 562 caesimme
459 483 605 559 dicemus,
628 483 771 544 namhoc
793 485 822 543 in
845 485 978 546 oratione
1000 485 1144 564 pluri-126

76 587 151 630 mum
173 569 267 638 valet;
300 568 435 647 adeoque
456 566 545 627 rebus
569 567 815 628 accommodanda
839 571 1032 648 compositio,
1058 579 1089 630 nt

74 655 190 732 ,asperis
213 668 336 732 asperos
359 654 445 717 etlam
460 668 595 712 numeros
611 650 741 712 adhiberi
757 661 894 732 oporteat
915 663 945 714 et
966 672 1030 715 cum
1048 653 1088 715 di-

77 746 163 799 cente
180 754 275 816 aeque
291 735 454 797 audientem
469 734 684 797 inhorrescere.
723 734 903 797 Membratim
914 739 1087 818 plerumque

78 821 273 896 narrabimus,
297 829 345 880 aut
361 821 440 899 ipsas
457 819 596 898 periodos
610 819 766 881 maioribus
781 820 943 882 intervallis
960 832 990 884 et
1005 823 1145 884 velutin?

77 904 240 966 laxioribus
253 905 337 965 nodis
353 904 553 978 resolvemus,
572 905 705 982 exceptis
722 922 797 983 quae
810 921 868 964 non
883 904 1007 968 docendi
1022 925 1088 984 gra·

77 993 117 1049 tia
137 988 190 1048 scd
207 989 326 1050 ornandi
347 996 513 1064 narrantur,
533 997 563 1047 ut
583 989 612 1049 in
626 987 750 1049 Verrem
765 987 959 1067 Proserpinae
974 1000 1084 1069 raptus.

78 1072 132 1134 llic
157 1075 231 1133 euim
256 1073 329 1133 leuis
358 1081 387 1132 et
409 1071 502 1132 bueus
529 1079 683 1132 contextus
705 1071 801 1132 decet.
852 1072 994 1134 Periodos
1019 1083 1085 1153 apta

77 1159 235 1236 prooemiis
257 1157 395 1218 maiorum
411 1173 579 1232 causarum,
602 1155 650 1216 obi
669 1155 883 1233 sollicitudine,
904 1158 1146 1220 commenda-128

77 1243 177 1317 tione,
200 1241 385 1302 miseratione
408 1258 456 1300 res
477 1248 561 1319 eget,
596 1241 666 1300 item
687 1239 884 1303 communibus
910 1241 985 1303 locis
1010 1251 1039 1302 et
1060 1241 1089 1300 in

77 1328 153 1385 omui
176 1325 415 1404 amplificatione;
443 1323 496 1385 sed
518 1325 651 1403 poscitur
672 1332 730 1385 tum
752 1334 886 1400 austera,
910 1327 935 1384 si
950 1343 1086 1400 accuses,

76 1419 134 1470 tum
151 1410 232 1485 lusa,
255 1410 280 1469 si
306 1408 418 1469 laudes.
462 1407 581 1469 blultum
601 1418 631 1469 et
648 1410 677 1468 in
693 1408 819 1488 epilogis
835 1409 940 1488 pollet.
978 1409 1084 1472 Totum

75 1504 171 1555 autem
191 1493 249 1554 hoc
269 1491 460 1554 adhibendum
478 1501 538 1568 est,
561 1492 639 1571 quod
664 1495 702 1552 sit
721 1493 843 1572 amplius
864 1496 1083 1574 compositionis
1094 1501 1143 1556 lut

75 1597 186 1658 genus,
204 1595 268 1651 cum
283 1576 371 1637 iudex
385 1592 443 1636 uon
455 1575 550 1636 solum
562 1595 624 1636 rem
638 1585 734 1652 tenet,
751 1578 804 1638 sed
820 1579 906 1639 etiam
922 1588 1025 1659 captus
1041 1587 1086 1639 est

77 1664 210 1723 oratione
233 1671 263 1721 et
284 1679 317 1721 se
334 1661 435 1723 credit
455 1662 548 1720 actori
571 1670 600 1720 et
621 1660 772 1740 voluptate
792 1662 848 1724 iarn
874 1662 998 1723 ducitur.
1037 1663 1085 1725 Hi·

75 1748 166 1807 storia
187 1763 244 1806 oon
265 1754 322 1806 tam
342 1744 437 1804 linitos
463 1761 598 1805 numeros
620 1762 703 1823 quam
724 1743 825 1807 orbem
850 1746 992 1823 quendam
1016 1764 1085 1808 con·

76 1838 245 1909 textumque
263 1828 421 1890 desiderat.
463 1826 594 1906 Namque
617 1829 711 1889 omnia
726 1831 788 1889 eius
809 1829 938 1891 membra
954 1847 1086 1895 connexa

62 1923 142 1975 sunt
161 1923 205 1990 et,
230 1914 365 1993 quoniam
380 1911 493 1973 lubrica
508 1921 554 1971 est
569 1929 604 1972 ec
618 1911 697 1987 duit,
720 1921 750 1973 ut
764 1908 913 1989 homiues,
934 1916 982 1993 qui
997 1915 1085 1975 maui-

76 1999 131 2059 bus
153 2000 277 2059 invicem
297 1996 490 2076 apprehensis
511 1995 632 2073 gradum
648 1995 775 2074 humant,
800 1998 949 2058 continent
970 2007 999 2059 et
1020 2015 1087 2060 con·

75 2084 210 2144 timentur.
238 2082 502 2143 Demonstrativom
518 2098 611 2159 genos
626 2097 712 2141 omne
727 2079 953 2143 iusioreshubet
967 2082 1146 2157 liberio-130

76 2185 184 2246 resque
208 2183 359 2233 numerem
383 2165 523 2243 judiciale
537 2173 566 2225 et
581 2165 764 2242 contionale,
785 2176 816 2228 ut
837 2167 958 2230 materia
976 2169 1087 2229 varium

77 2260 138 2327 est,
156 2253 199 2312 sic
214 2253 301 2312 etiam
315 2252 380 2330 ipsa
392 2249 590 2312 collocatione
604 2248 770 2311 verborrun.

159 2334 216 2396 Ubi
231 2337 287 2396 iam
301 2334 386 2396 uobis
401 2352 470 2414 pars
486 2353 525 2394 ex
539 2333 668 2409 duabus,
686 2353 757 2413 quas
778 2335 865 2397 modo
881 2336 1021 2412 lecimus,
1039 2353 1085 2396 se·

77 2419 170 2480 eunde
187 2419 335 2480 tractanda
352 2427 407 2480 est.
448 2417 599 2497 Numquis
615 2417 798 2480 dubitatalia
814 2418 924 2495 lenius,
944 2419 1000 2480 aliu
1017 2435 1086 2480 con·

77 2504 210 2577 citatius,
233 2501 290 2561 alia
314 2502 479 2577 sublimius,
504 2501 560 2562 alia
577 2503 754 2580 pugnacius,
779 2501 835 2562 alia
857 2503 1003 2576 ornatius,
1030 2502 1086 2563 alia

75 2585 216 2663 gracilius
233 2603 301 2645 esse
317 2584 455 2654 dicenda3
478 2584 632 2663 gravibus,
649 2583 965 2658 sublimibus,ornatis
982 2583 1140 2662 longasltl
1158 2596 1161 2601 '

76 2669 169 2746 magis
187 2666 318 2744 syllabas
341 2666 520 2729 convenire?
542 2669 582 2728 ita
598 2678 629 2729 ut
648 2667 724 2728 leuia
736 2668 884 2746 spatium,
908 2666 1041 2737 sublimia
1058 2678 1087 2746 et

77 2762 178 2815 ornata
200 2753 362 2813 claritatem
387 2768 505 2831 quoque
529 2751 674 2813 vocalium
698 2760 838 2830 poscant;
870 2751 916 2813 his
943 2755 1087 2813 contraria

75 2839 167 2914 magis
179 2836 310 2916 gaudere
322 2835 470 2911 brevibus,
483 2843 662 2913 argumenta,
675 2834 855 2914 partitiones,
867 2837 952 2896 iocos
965 2845 994 2897 et
1006 2837 1086 2916 quid·

77 2920 144 2999 quid
166 2932 211 2982 est
226 2923 354 2983 sermoni
375 2921 467 2997 magis
482 2918 587 2978 simile.
632 2918 733 2996 ltaque
755 2935 961 2999 componemus
977 2928 1149 3000 proce-132

76 3005 161 3063 mium
182 3009 263 3066 varie
288 3015 375 3085 atque
402 3012 433 3064 ut
453 3021 557 3063 seusus
583 3004 647 3063 eius
667 3001 836 3082 postulabit.
880 3002 984 3083 Neque
1010 3007 1090 3066 enim*

77 3091 254 3150 accesserim
270 3085 377 3166 Celso,
398 3090 448 3168 qui
463 3105 548 3148 uuam
563 3087 704 3166 quandam
724 3086 791 3148 huic
809 3090 884 3167 parti
900 3089 1020 3150 formum
1035 3088 1085 3150 de·

77 3172 134 3247 dit,
160 3181 189 3232 et
211 3175 345 3251 optimam
363 3173 605 3252 compositionem
627 3190 695 3233 esse
715 3175 857 3250 prooemii
874 3183 905 3234 ut
927 3172 1003 3252 apud
1018 3172 1084 3234 Asi·

77 3257 154 3315 nium
170 3255 256 3318 dixit:
279 3257 331 3332 Si,
354 3255 493 3332 Coeacr,
515 3275 556 3319 ec
576 3258 715 3319 omnibus
729 3258 924 3334 mortalibus,
946 3257 999 3336 qui
1016 3266 1087 3319 cont

76 3361 117 3403 cc
130 3342 272 3421 socrant,
293 3349 398 3420 ponem
411 3340 484 3404 tote
502 3360 619 3406 canace
633 3344 822 3420 disceptator
836 3344 912 3419 leql,
925 3359 986 3403 ooo
1000 3340 1085 3420 qudc-

76 3443 170 3506 qcom
188 3434 219 3487 te
237 3426 339 3503 pollue
360 3427 513 3506 optcttdca
535 3427 623 3490 cobis
636 3427 705 3506 ficit.
743 3424 808 3485 Non
825 3427 892 3504 quia
907 3442 1019 3564 qeqem
1029 3423 1160 3482 hecnam

119 3529 149 3567 u.
170 3530 192 3566 s.
218 3527 333 3576 coruus.
351 3513 384 3569 ll.
888 3508 910 3564 h
