2408 3854
152 189 211 251 too
462 197 825 259 uuamoomumrsnu

148 358 185 418 sit
202 365 315 422 oraton
330 372 415 433 quem
430 362 525 413 tamen
540 354 569 412 in
585 349 637 412 illo
652 349 747 412 medio
766 369 878 429 genere
894 352 1008 414 dicendi
1025 356 1156 434 praefert

148 440 279 502 omnihus
296 437 412 498 Cicero.

104 539 139 593 ει
231 520 562 600 Philosophorum,
592 537 631 579 ex
658 518 762 598 quihus
791 519 942 596 plurimum
968 541 1002 582 se
1029 527 1156 585 traxisse

147 607 332 687 eloquentiae
355 603 394 664 ll.
418 602 530 663 l'ullius
549 603 718 678 conlitetur,
742 603 805 680 quis
828 602 938 664 dubitet
962 605 1155 669 Platonem

14 706 18 713 ·
147 711 215 754 esse
230 692 418 770 praecipuum
435 689 498 747 sive
519 688 649 747 acumine
670 686 832 747 disserendi
858 689 921 748 sive
941 688 1099 768 eloquendi
1112 694 1155 753 la-

120 850 123 855 ·
147 777 255 838 cultate
270 774 365 835 divina
381 772 502 851 quadam
518 778 547 829 et
561 768 736 830 Homerica?
763 768 881 831 llultum
898 773 973 831 euim
983 791 1071 852 supra
1087 792 1156 853 pro·

147 878 208 921 sam
224 859 384 918 orationem
406 864 436 916 et
457 872 542 933 quam
562 853 729 932 pedestrem
744 853 849 914 Graeci
870 864 977 916 vooant
991 860 1101 936 surgit,
1125 871 1157 920 ut

146 943 214 1005 mihi
229 959 287 1002 non
304 940 426 1001 hominis
441 939 559 1015 ingenio
576 938 629 999 sed
645 937 768 1018 quodam
780 936 926 1016 Delphico
941 939 1073 1004 videatur
1090 960 1156 1004 ora·

102 1027 214 1114 &culo
243 1026 404 1086 instinctus.
455 1021 530 1095 Quid
558 1039 615 1100 ego
646 1038 869 1082 commemorem
894 1021 1156 1103 Xenophontis

146 1111 225 1172 illam
240 1109 446 1170 iucunditatem
461 1105 652 1167 inaffectatum
667 1104 719 1166 sed
732 1123 816 1184 quam
832 1105 911 1166 nulla
927 1112 1067 1187 consequi
1083 1112 1154 1171 ade-

148 1197 236 1255 otatio
252 1189 366 1273 possit?
387 1199 418 1252 ut
440 1193 522 1268 ipsae
543 1207 707 1251 sermonem
728 1190 847 1251 tinxisse
866 1187 981 1255 Gratiae
1004 1193 1156 1255 videantur

147 1288 192 1354 et,
217 1276 296 1357 quod
316 1277 353 1337 de
368 1275 483 1336 Pericle
507 1275 617 1334 veteris
644 1273 813 1335 comoediae
834 1276 1026 1337 testimouium
1042 1288 1105 1355 est,
1127 1282 1156 1340 in

147 1362 222 1422 hunc
237 1360 387 1421 transferri
403 1359 558 1421 iustissime
574 1359 682 1436 possit,
706 1359 735 1417 in
750 1356 839 1420 labris
855 1359 917 1419 eius
934 1359 1049 1421 sedisse
1065 1380 1155 1441 quan·

102 1446 212 1513 eatan
229 1443 424 1523 persuadendi
444 1443 536 1503 deam.
573 1441 648 1515 Quid
671 1441 848 1522 reliquorum
869 1443 1155 1507 Socraticorum

148 1524 345 1606 elegantiam?
388 1526 463 1602 Quid
490 1524 760 1587 Aristotelem?
797 1544 883 1604 quem
909 1527 1008 1587 duhito
1034 1531 1155 1591 seientia

147 1631 244 1673 rerum
266 1631 302 1674 an
323 1615 497 1692 scriptorum
520 1611 604 1687 copia
622 1627 657 1669 an
673 1610 829 1689 eloquendi
844 1612 985 1672 suavitate
1005 1630 1041 1673 an
1056 1615 1155 1675 inven-

146 1698 258 1757 tionum
277 1697 408 1759 acumine
430 1711 465 1754 an
480 1696 621 1754 varietate
637 1711 757 1773 operum
774 1694 926 1756 clariorem
944 1705 1050 1773 putem.
1083 1697 1155 1760 Nam

147 1783 176 1840 in
191 1779 452 1859 Theophrasto
473 1787 529 1839 tarn
552 1786 598 1838 est
613 1777 750 1858 loquendi
765 1781 841 1839 nitor
857 1778 908 1840 ille
924 1778 1054 1857 divinus,
1070 1791 1101 1842 ut
1117 1801 1156 1843 err

103 1877 183 1933 seeo
198 1881 303 1925 nomen
319 1881 437 1944 quoque
452 1865 576 1924 traxisse
592 1863 712 1924 dicatur.
742 1861 836 1925 Minus
850 1863 998 1926 indulsere
1015 1865 1154 1944 eloquen-

147 1952 206 2010 tiae
222 1951 340 2009 Stoici
356 1958 489 2016 veterem
505 1948 559 2009 sed
576 1965 638 2007 cum
650 1947 774 2008 honesta
788 1955 941 2009 suaserunt
955 1956 1013 2008 tum
1023 1950 1052 2009 iu
1070 1948 1154 2011 oolli-

147 2033 244 2111 gendo
268 2032 495 2112 probandoque,
515 2049 590 2112 quae
606 2033 801 2107 instituerant,
825 2031 976 2111 plurimum
991 2033 1153 2113 valuerunt,

148 2118 236 2177 rebus
248 2126 343 2178 tamen
355 2120 431 2178 aouti
441 2117 534 2192 magis
546 2133 640 2194 quanm
648 2116 677 2176 id
688 2116 766 2195 quod
781 2133 852 2176 sane
864 2133 922 2177 uon
933 2115 1153 2196 adnotaverunt,

148 2201 280 2261 oratione
296 2201 451 2278 magnifici.

104 2297 140 2350 35
230 2283 310 2345 ldem
332 2283 415 2344 nohis
440 2301 494 2362 per
514 2282 695 2343 Romanos
721 2300 837 2362 quoque
861 2294 997 2347 auctores
1015 2286 1088 2346 ordo
1104 2288 1154 2348 du·

150 2366 259 2426 cendus
275 2376 332 2444 est,
354 2366 455 2446 ltaque
471 2375 502 2426 ut
516 2366 592 2446 apud
607 2365 675 2427 illos
685 2365 830 2428 llomerus
844 2369 888 2428 sie
904 2366 980 2448 apud
993 2385 1048 2429 nos
1063 2369 1155 2432 Ver·

148 2449 267 2528 gilius
289 2452 550 2529 auspicatissimum
564 2450 678 2513 dederit
693 2452 859 2526 exordium,
884 2456 1009 2514 omnium
1024 2455 1088 2515 eius
1103 2474 1154 2533 ge-

147 2535 226 2595 neris
238 2545 390 2614 poetarum
398 2534 573 2598 Graecorum
585 2545 807 2616 nostrorumque
818 2536 894 2597 haud
904 2537 1154 2614 duhieproximus.

106 2617 221 2691 solltor
238 2622 312 2681 enim
327 2620 426 2681 verhis
446 2620 565 2696 iisdem,
594 2637 668 2699 puae
689 2638 727 2680 ex
742 2619 816 2680 Alro
834 2619 961 2682 Domitio
977 2621 1089 2682 iuvenis
1105 2641 1155 2684 ex-

150 2706 228 2781 oepi;
248 2706 296 2782 qul
312 2704 379 2766 mihi
396 2706 605 2783 interroganti,
623 2722 708 2782 quem
728 2703 856 2765 llomero
879 2706 1014 2767 crederet
1030 2704 1157 2769 maxime

148 2787 312 2864 accedere,
333 2788 513 2863 Secundus,
535 2790 640 2868 inquit,
658 2796 703 2850 est
721 2786 889 2867 Vorpilioc,
911 2789 1040 2869 propior
1055 2799 1156 2853 tamen

147 2871 248 2948 primo
262 2890 355 2949 quom
371 2877 470 2937 tertio.
502 2872 540 2934 Et
554 2872 675 2935 hercule
691 2882 721 2931 ut
737 2871 779 2933 illi
794 2880 912 2933 naturae
931 2872 1055 2933 coelesti
1069 2882 1156 2952 atque

150 2955 303 3015 immortali
319 2961 509 3018 cesserimus:
527 2960 566 3017 ita
584 2975 671 3017 curae
687 2965 717 3016 et
732 2957 898 3035 diligentiae
914 2957 963 3017 vel
977 2950 1045 3016 ided
1061 2959 1088 3016 in
1100 2958 1156 3019 hoc

150 3037 215 3115 plus
232 3049 293 3113 est,
317 3042 394 3119 quod
418 3045 444 3102 ei
459 3042 512 3102 luit
533 3042 626 3116 magis
644 3039 848 3117 laborandum,
875 3049 904 3100 et
927 3049 1062 3120 quamam
1089 3044 1156 3102 emi·

106 3123 282 3194 fflnentihus
306 3125 460 3200 vincimur,
489 3126 616 3185 fortasse
645 3125 822 3203 aequalitate
848 3136 1013 3202 pensamus.
1057 3123 1156 3186 (leteri

23 3208 24 3213 ’
151 3224 250 3266 omnes
263 3207 352 3285 longe
364 3218 531 3287 sequentur.
558 3206 631 3268 Nam
646 3206 769 3269 llacer
785 3217 815 3270 et
829 3207 1023 3270 Lueretius
1039 3208 1156 3287 legendi

151 3290 277 3369 quidem,
290 3291 342 3351 sed
354 3309 412 3352 non
423 3302 452 3351 ut
464 3293 591 3370 phrasin,
604 3291 632 3352 id
645 3303 701 3368 est,
718 3310 825 3372 eorpus
839 3293 1024 3373 eloquentiae
1035 3292 1155 3360 iactuum

152 3373 305 3452 elegantes
319 3376 348 3435 in
362 3394 414 3436 sua
437 3377 559 3456 quisque
576 3378 696 3439 materia
717 3377 770 3438 sed
791 3376 867 3437 alter
881 3376 995 3437 humilis
1006 3374 1089 3459 ,alter
1102 3372 1156 3438 dil·

151 3457 245 3519 licilis.
280 3457 459 3521 Atacinus
479 3458 596 3520 Varro
610 3461 638 3520 in
655 3462 706 3537 iis,
729 3479 784 3540 per
798 3478 880 3561 puae
896 3468 1062 3522 nomen'est
1076 3478 1157 3521 asses
