2376 3840
114 175 156 237 22
430 181 789 243 nummulariorum

87 331 90 336 ’
112 343 189 421 quod
211 343 247 401 sit
269 342 379 421 potius:
405 339 549 398 tamenin
572 339 672 398 eadem
698 336 748 395 tris
769 335 865 396 habeo
889 336 974 397 velut
991 338 1096 415 specie

83 425 182 486 9Nam
203 427 315 485 interim
338 424 473 483 conuenit
495 422 588 481 solum
604 438 763 499 quaerere,
784 418 834 482 An
854 421 911 482 boc
935 422 1001 482 sil?
1023 430 1056 480 ut
1076 417 1098 480 Α

111 510 297 572 adulterium
317 510 349 568 io
367 507 535 585 lupanari?
565 502 635 564 Cum
654 505 712 564 hoc
728 522 886 580 negamus:
909 521 969 564 non
996 522 1098 564 necess

112 602 157 653 est
179 592 294 667 dicere,
319 591 386 669 quid
411 589 440 650 id
465 598 602 664 vocetur,
625 590 691 666 quia
714 596 803 646 totum
825 589 934 648 crimen
956 587 1098 648 infitiamu

109 675 226 736 Interim
250 676 411 753 quaeritur,
433 671 498 736 lloc
515 690 557 734 ao
581 673 660 734 boo?
684 669 810 732 Furtum
831 691 874 732 ore
897 672 1098 752 soerilopium

110 777 168 820 non
189 761 256 837 quin
279 758 419 832 sulliciat,
441 774 497 817 non
513 775 580 818 esse
601 755 804 832 sacrilegium,
829 756 882 815 sed
903 757 972 833 quia
997 774 1098 816 necess

111 845 147 902 sit
169 843 284 917 dicere,
306 842 374 921 quid
395 842 432 900 sit
455 841 548 909 aliud;
571 856 628 918 quo
650 841 678 899 iu
699 839 766 898 loco
792 849 945 917 utrumque
968 840 1097 901 luniendu

71 931 165 987 locst.
197 925 314 986 Interim
333 926 480 1004 quaeritur
501 927 528 984 in
551 922 638 984 rebus
658 923 759 1002 specie
786 923 927 998 dirersis,
950 941 989 984 un
1016 935 1048 984 et
1069 925 1098 985 h(

112 1009 215 1071 eodem
236 1010 322 1070 modo
344 1010 380 1069 sit
405 1009 622 1088 appellandum,
647 1025 710 1067 cum
727 1006 775 1067 res'
792 1016 917 1086 utraque
930 1006 1026 1082 habet
1045 1027 1098 1069 suu

110 1111 233 1168 nomen,
254 1103 284 1153 ut
304 1095 486 1168 amatorium,
508 1109 659 1152 venenum.
700 1090 731 1151 ln
760 1091 890 1152 omnibus
919 1101 1020 1152 autem
1042 1093 1098 1154 lruiu

110 1179 228 1255 generis
251 1177 348 1238 litibus
371 1179 535 1256 quaeritur,
557 1173 606 1237 Am
627 1176 719 1236 ellam
740 1176 819 1237 boo?
846 1177 912 1254 quia
935 1193 1068 1254 nomen,
1090 1197 1098 1236 ι

111 1279 169 1341 quo
196 1261 362 1338 ambigitur,
386 1262 485 1339 utique
507 1263 534 1319 in
555 1260 661 1320 aliare
685 1267 795 1319 certum
818 1269 872 1319 est.
913 1259 1096 1341 Sacrilepiu

110 1355 171 1422 out,
193 1355 258 1408 rem
279 1365 405 1407 socrum
427 1348 467 1406 de
486 1346 594 1423 templo
614 1345 793 1423 stampere:
821 1363 863 1406 oo
884 1353 914 1405 et
938 1348 1098 1424 privatam

109 1427 318 1504 Adulterium,
340 1448 409 1492 cum
429 1429 532 1491 allecto
553 1446 652 1490 umore
666 1429 747 1489 domi
762 1429 863 1490 coire:
884 1448 927 1490 on
942 1438 973 1491 ot
987 1431 1022 1492 im
1037 1431 1098 1511 lupi

109 1516 203 1575 ocri?
230 1512 498 1592 lyraooioldiom,
521 1513 664 1576 occidero
686 1519 866 1588 tyranuum:
889 1518 977 1577 anot
993 1517 1028 1577 io
1044 1534 1098 1578 mor

70 1606 167 1663 tltem
185 1598 387 1676 compellere?
402 1596 531 1676 ideoque
548 1589 753 1676 συλλογισμὸς,
771 1597 808 1657 de
824 1614 883 1676 quo
895 1608 1005 1678 postea
1019 1600 1098 1662 dican

110 1681 190 1741 velut
205 1681 342 1742 infirmior
363 1691 408 1741 est
422 1682 528 1756 linitio,
548 1682 613 1760 quia
632 1685 660 1741 in
681 1681 735 1740 bac
750 1677 920 1760 quaeritur,
939 1701 978 1743 an
994 1683 1098 1745 idems

110 1765 193 1825 huius
208 1767 252 1825 rei
269 1782 373 1825 nornen
390 1765 467 1844 quod
487 1765 622 1840 alterius,
640 1764 709 1839 illo,
734 1783 769 1824 an
787 1765 910 1844 proinde
932 1767 1098 1830 habendas

69 1849 183 1914 labaec
203 1858 289 1928 atque
311 1850 370 1913 illa.
406 1849 460 1909 Est
482 1858 511 1909 et
531 1848 596 1909 talis
624 1849 780 1908 finitionum
803 1850 977 1928 diversitas,
1000 1863 1034 1913 ut
1050 1854 1096 1914 ide

109 1935 250 2009 sentiant,
280 1952 336 1994 non
359 1935 460 1995 iisdem
481 1933 580 2013 verbis
607 1933 867 2011 comprehendant:
899 1944 932 1995 ut
954 1937 1097 2001 rbolorio

109 2019 187 2080 benc
206 2020 332 2080 dicendi
351 2019 499 2093 scientio,
520 2027 549 2078 et
569 2017 677 2085 eadem,
693 2018 769 2078 bone
783 2018 983 2096 inveniendi,
1002 2031 1034 2081 et
1051 2023 1098 2084 ber

107 2103 305 2177 emundandi,
321 2111 352 2162 et
366 2102 492 2163 dicendi
504 2102 672 2162 coeundum
687 2101 827 2162 virtulem
840 2105 1013 2180 motionis,
1032 2115 1063 2165 et
1078 2106 1098 2166 d

109 2186 216 2258 cendi,
233 2187 316 2265 quool
337 2186 379 2246 sit
397 2184 500 2263 officii.
541 2183 637 2263 Atque
659 2184 885 2263 providendum,
907 2197 955 2264 ut,
982 2191 1009 2249 si
1038 2208 1098 2251 sona

109 2284 167 2327 non
181 2277 326 2346 pugnant,
344 2268 604 2347 comprehensione
617 2269 795 2329 dissentiant.
832 2270 892 2331 Sed
908 2271 945 2332 de
962 2272 1010 2333 iris
1026 2273 1098 2352 disp

67 2369 101 2421 13
110 2360 201 2427 tatur,
220 2368 278 2412 non
299 2353 435 2430 litigatur.
481 2351 560 2432 Opus
585 2361 629 2412 est
647 2353 801 2430 aliquando
815 2354 948 2430 ⁸linitione
968 2356 1098 2418 obscuri

108 2433 188 2495 ribus
201 2444 230 2495 et
244 2434 435 2513 ignotioribus
449 2435 563 2512 uerbis,
578 2444 624 2511 ut,
642 2436 709 2514 quid
724 2438 761 2495 sit
773 2439 937 2518 oloripotio
955 2445 1038 2504 ercli
1056 2446 1098 2506 cit

109 2520 222 2580 interim
236 2521 312 2579 notis
329 2521 459 2595 nornine,
474 2521 613 2582 videlicet
629 2519 696 2599 quid
712 2521 748 2579 sit
761 2539 877 2599 penus,
901 2526 971 2602 quid
991 2527 1078 2588 litus.

193 2602 274 2676 Quae
295 2606 421 2664 varietas
438 2604 543 2680 ellicit,
569 2612 599 2663 ut
620 2620 684 2662 eam
704 2604 819 2680 quidam
835 2609 1046 2686 coniecturae,
1065 2630 1098 2689 qu

109 2688 174 2748 dam
196 2687 343 2764 qualitati,
377 2687 491 2765 quidam
517 2688 652 2764 legitimis
679 2688 898 2764 quaestionibus
928 2692 1098 2754 subieceriu

68 2769 284 2844 140uibusdom
309 2788 346 2830 ne
373 2771 482 2849 placuit
506 2770 621 2850 quidem
648 2771 763 2829 omuino
787 2771 901 2833 subtilis
926 2775 1005 2837 baec
1034 2788 1066 2839 et
1091 2796 1098 2836 a

108 2870 217 2913 morem
232 2854 449 2915 dialecticorum
464 2855 585 2914 lormata
603 2853 772 2928 conclusio,
789 2864 819 2914 ιιι
834 2858 863 2914 in
875 2857 1098 2936 disputationibu

107 2940 204 3017 potius
232 2949 333 3016 arguta
358 2938 513 2998 uerborum
540 2936 701 2997 cavillatrix
731 2955 816 3014 quam
843 2941 872 2998 in
902 2948 1032 3005 oratorie
1062 2946 1098 3006 oli

108 3023 154 3081 cio
175 3022 292 3082 multum
316 3023 444 3083 allatura·
454 3023 598 3080 momenti.
635 3019 716 3079 Licet
733 3024 807 3080 enim
823 3025 920 3084 valeat
938 3028 968 3087 in
984 3047 1098 3091 sermon

107 3114 230 3182 tantum,
255 3116 286 3166 ut
307 3106 493 3166 constrictum
513 3104 635 3163 vinculis
659 3105 719 3163 suis
746 3123 827 3181 eum,
850 3111 899 3186 qui
922 3128 1098 3191 responsuri

110 3199 171 3266 est,
187 3191 235 3251 vel
257 3200 356 3251 tacere
377 3187 427 3247 vel
443 3188 528 3247 etiarn
543 3188 659 3246 invitum
673 3187 720 3262 id,
737 3190 815 3266 quod
833 3193 870 3250 sit
886 3205 1008 3274 contra,
1035 3217 1098 3278 cog:

64 3275 207 3336 15lateri:
229 3292 287 3334 nou
305 3273 408 3334 eadem
424 3279 469 3329 est
489 3280 583 3330 tamen
599 3271 660 3329 eius
683 3273 711 3330 in
729 3274 824 3331 causis
840 3276 960 3337 utilitas.
998 3282 1098 3344 Pensm

107 3357 230 3418 dendum
254 3359 328 3417 euim
354 3353 441 3414 iudici
468 3362 531 3427 est,
558 3355 606 3432 qui
628 3355 739 3414 etiamsi
760 3356 859 3417 uerbis
882 3358 1042 3427 devinctus
1067 3388 1099 3428 es

103 3451 216 3518 tamen,
243 3441 299 3501 nisi
322 3437 379 3517 ipsi
404 3437 447 3495 rei
474 3438 648 3513 accesserit,
675 3439 778 3497 tacitus
802 3440 968 3506 dissentiet.
1014 3452 1098 3532 Ager
