2376 3840
107 184 148 248 62
419 192 783 254 u.usn.qurur1u1nur

106 362 173 413 aute
188 371 269 411 suum
287 353 410 434 quisque
425 349 602 428 praedonem
617 349 741 408 catenati
757 357 787 408 et
804 357 907 410 conata
922 350 1053 408 retinere
1067 349 1108 408 iu·

105 437 212 499 fantem
227 453 307 495 suum
319 443 410 493 mater
426 441 470 508 ct,
494 432 586 492 sicubi
600 434 690 492 maius
704 431 815 492 lucrum
832 441 895 511 est,
920 450 1019 512 pugna
1034 434 1110 493 inter

105 523 243 581 victores.
289 517 371 578 Licet
393 519 467 577 enim
497 516 571 576 haec
598 518 707 591 omnia,
734 525 765 575 ut
793 516 867 591 dixi,
896 517 1110 596 complectatur

65 607 237 680 loeoercio,
256 603 346 662 minus
363 610 517 661 esttamen
533 609 623 660 totum
638 600 737 660 dicere
753 617 837 679 quam
853 602 958 660 omnia.
997 598 1108 660 Conse·

111 700 231 768 queam
250 695 363 762 autem,
382 695 415 745 ut
433 685 590 745 miluta
606 686 680 760 dut,
700 685 725 744 si
747 684 853 745 fuerint
873 684 1062 753 verisimilia;
1081 691 1110 744 et

106 772 207 834 licebit
229 773 313 831 etiam
335 770 412 830 falso
434 769 576 848 affugere
593 767 732 848 quidquid
752 767 819 829 lieri
831 769 923 830 niet.
951 765 1110 846 Continget

108 857 209 917 eadem
227 855 342 915 claritas
358 855 443 913 etiam
459 871 496 913 cx
515 852 727 914 accidentibus:

460 971 502 982 -
519 935 594 999 Mitt
606 938 742 1017 sarpidus
755 937 866 999 norror

180 1021 318 1084 Membra
333 1023 440 1101 quatit,
453 1021 633 1101 petidnrqne
648 1022 707 1083 coit
725 1021 891 1101 formidine
904 1021 1046 1101 scapton

188 1227 230 1238 —-·
248 1189 401 1271 Trepidoe
421 1199 536 1252 matres
552 1208 698 1270 pressere
718 1188 764 1250 ad
779 1193 909 1269 pectora
923 1197 1026 1252 nator.

63 1287 95 1344 il
106 1279 201 1358 Atque
217 1278 300 1338 huius
316 1291 458 1349 summae,
483 1273 588 1334 iudicio
605 1273 720 1352 quidem
736 1289 818 1350 meo,
842 1274 956 1333 virtutis
972 1273 1113 1335 facillima

108 1373 153 1423 est
167 1365 223 1423 via.
263 1360 399 1420 Naturam
420 1361 592 1434 intueamur,
618 1357 691 1417 banc
713 1375 876 1436 sequamur.
925 1354 1026 1418 Omnis
1049 1358 1098 1419 elo

82 1508 84 1511 .
108 1448 224 1525 quentia
241 1447 318 1504 circa
334 1459 424 1520 opera
442 1444 519 1503 vitae
535 1451 595 1517 est,
618 1441 654 1501 ad
670 1460 703 1501 se
718 1442 810 1502 refert
825 1441 949 1520 quisque
967 1460 1047 1521 quae
1063 1460 1110 1503 au·

107 1531 157 1604 dit,
175 1538 205 1587 et
220 1527 248 1586 id
260 1527 397 1587 facillime
413 1528 558 1605 accipiunt
575 1526 669 1600 animi,
687 1526 764 1604 quod
782 1535 955 1604 agnoscunt.

64 1620 98 1676 ta
192 1611 346 1670 Praeclare
374 1627 446 1669 vero
474 1610 508 1671 ad
535 1609 713 1669 inferendam
737 1610 825 1669 rebus
854 1610 951 1670 lucem
972 1619 1112 1690 repertae

107 1704 173 1756 suut
193 1694 482 1763 similitudinem
511 1711 630 1773 quarum
645 1693 719 1753 aliae
737 1703 818 1769 sunt,
837 1711 912 1772 quae
928 1695 1112 1773 probationis

106 1781 200 1858 gratia
219 1780 293 1837 inter
308 1787 474 1856 argumenta
494 1787 653 1856 ponuntur,
677 1778 752 1837 aliae
772 1776 808 1837 ad
828 1779 1049 1856 exprimendam
1066 1796 1110 1840 re·

105 1882 167 1923 rum
183 1863 335 1939 imaginem
351 1863 544 1940 compositae,
567 1862 645 1941 quud
661 1871 706 1921 est
722 1861 805 1920 buius
824 1861 883 1921 loci
898 1865 1071 1941 proprium:

231 1981 273 1990 —
288 1945 366 2008 Iride
381 1947 446 2026 tupi
464 1965 520 2008 oen
535 1945 686 2023 Raptores
705 1954 778 2014 utra
798 1947 830 2006 in
852 1946 977 2012 nebula.

105 2031 142 2091 Et

204 2147 247 2156 —
258 2111 318 2173 Aoi
331 2113 458 2182 similior
473 2129 554 2192 qnae
571 2114 689 2174 circum
703 2112 812 2189 litora,
828 2111 948 2174 circam

203 2194 343 2263 Piscoror
362 2199 503 2274 scopulos
520 2197 640 2258 bamilis
653 2197 735 2258 uolat
749 2214 888 2275 aequora
903 2199 1007 2260 tanta.
1034 2201 1041 2214 '

65 2289 98 2344 73
107 2279 171 2353 Quo
192 2281 220 2338 in
235 2297 344 2356 genere
365 2277 392 2338 id
413 2288 458 2339 est
472 2281 630 2359 praecipue
650 2279 885 2357 custodiendum,
908 2299 946 2340 ue
962 2282 1010 2360 id,
1036 2282 1113 2363 quod

108 2362 299 2422 similitudinis
315 2364 408 2440 gratia
424 2365 593 2439 ascivimus,
616 2372 664 2422 aut
680 2363 836 2424 obscurum
851 2367 889 2424 sit
904 2374 954 2425 aut
970 2367 1112 2444 ignotum.

108 2445 204 2506 Debet
220 2447 309 2521 cuim,
337 2446 414 2525 quod
430 2443 616 2507 illustrandae
638 2447 758 2507 alterius
776 2449 819 2507 rei
833 2450 928 2526 gratia
944 2452 1120 2528 assumitur,

109 2531 201 2609 ipsum
225 2547 292 2589 esse
309 2526 414 2591 clarius
432 2548 479 2607 eo,
498 2535 574 2610 quod
589 2530 737 2591 illuminat.
765 2530 863 2605 Quare
879 2534 978 2611 poetis
996 2534 1114 2614 quidem

106 2616 301 2693 permittamus
322 2615 462 2675 eiusmodi
478 2615 625 2694 exempla:

192 2696 316 2772 Qualis,
331 2700 385 2759 abi
401 2701 559 2761 liternum
577 2697 703 2778 Lyciam
718 2697 893 2778 Xanthique
907 2698 1029 2779 fluenta

191 2778 313 2841 Deserit
330 2790 385 2862 ant
398 2781 507 2844 Delam
521 2791 691 2844 maternam
706 2784 826 2860 incinit,
849 2779 966 2864 Apollo.

66 2863 173 2928 thon
193 2863 267 2923 idem
283 2874 428 2926 oratorem
444 2865 576 2941 decebit,
597 2873 628 2924 ut
650 2866 773 2925 occultis
792 2875 894 2946 aperta
918 2868 1113 2930 demonstret.

108 2945 167 3006 Sed
182 2946 252 3006 illud
272 2964 404 3028 quoque,
423 2949 532 3028 dequo
550 2951 578 3008 iu
596 2950 769 3025 argumentis
787 2950 926 3028 diximus,
949 2953 1114 3014 similitudi·

107 3030 151 3087 nis
167 3047 260 3106 genus
275 3042 358 3092 cruat
372 3034 530 3092 orationem
552 3032 679 3110 facitque
697 3050 759 3092 eam
775 3034 943 3112 sublimem,
966 3036 1114 3113 floridam,

107 3113 268 3190 iucundam,
289 3115 455 3175 mirabilem.
494 3115 565 3175 Nam
583 3132 640 3194 quo
657 3134 789 3195 quaeque
810 3117 927 3196 lougius
942 3123 1039 3199 petita
1057 3129 1114 3196 est,

67 3196 247 3276 loboc'plus
271 3198 354 3258 alfort
374 3201 509 3260 novitatis
532 3208 619 3279 atque
640 3201 823 3278 inexpectata
846 3203 939 3280 magis
963 3213 1019 3265 est.
1060 3203 1115 3266 llla

108 3281 238 3358 vulgaria
264 3282 396 3342 videntur
424 3293 453 3344 et
478 3283 559 3344 utilia
584 3293 691 3343 tantum
714 3283 749 3344 ad
773 3285 984 3347 conciliandam
1012 3287 1113 3349 iidem:

112 3362 149 3424 Ut
170 3373 284 3427 terram
306 3367 388 3427 culta
405 3370 452 3428 sic
473 3370 607 3429 animam
627 3368 800 3446 disciplinis
815 3368 973 3432 meliorem
990 3372 1114 3433 uberio-

110 3464 232 3525 remque
247 3449 324 3527 fleri,
342 3457 371 3509 et
385 3460 419 3512 nt
429 3453 541 3514 medici
551 3451 730 3514 abalienata
742 3451 857 3512 morbis
868 3455 1011 3516 membro
1020 3472 1114 3535 prac-
