2408 3854
357 161 797 230 rusu.oaaron.1.1a.xl,1.
1021 150 1081 214 189

74 318 100 377 si
122 325 228 376 tantum
250 314 356 377 habent
375 317 459 376 etiam
477 314 568 376 verba
588 325 777 392 momentum,
803 326 910 397 quanto
932 336 982 377 res
997 317 1080 397 ipsae

74 397 186 477 magis?
222 398 347 473 Quarum
372 416 451 479 quae·
469 407 549 459 esset
569 399 759 477 observatio,
787 401 847 460 suis
868 401 943 461 locis
958 400 1081 461 subinde

76 484 259 544 subiecimus.
1001 548 1007 555 ,

159 566 232 627 lllud
262 577 307 628 est
332 567 497 644 diligentius
529 567 706 642 docendum,
739 585 804 627 cunr
833 566 946 628 demum
977 567 1106 628 diceres

72 662 158 731 apte,
181 652 231 731 qui
247 668 305 710 non
326 650 419 710 solum
435 651 505 731 quid
521 650 658 729 expediat
673 652 726 711 sed
742 652 829 711 etiam
844 651 929 732 quid
945 650 1080 712 deceat

72 735 245 814 inspexerit.
276 733 340 793 Nec
362 752 408 793 me
424 734 513 819 lugit,
536 733 706 813 plerumque
726 733 801 795 haec
823 752 891 795 esse
914 736 1077 796 coniuncta.

73 818 146 879 Nam
162 818 240 897 quod
257 818 360 893 decet,
376 817 440 878 iere
456 809 593 915 prodest3
609 835 705 896 neque
721 816 779 879 alio
797 820 888 896 magis
907 822 992 880 animr
985 818 1079 879 iudi-

76 922 139 962 cum
153 902 303 962 conciliari
320 909 383 977 aut,
400 902 425 961 si
440 918 489 960 res
504 902 533 960 iu
549 902 722 961 contrarium
738 900 818 979 tulit,
835 904 956 964 alienari
972 903 1077 963 solent

73 985 239 1065 Aliquando
254 994 349 1046 tamen
364 984 483 1045 ethaeo
499 985 679 1045 dissentiunt.
707 983 849 1058 Quotiens
863 996 958 1047 autem
970 1005 1079 1066 pugna·
1068 991 1108 1046 9

74 1070 159 1146 bunt,
182 1070 275 1148 ipsam
289 1069 440 1130 utilitatem
458 1070 555 1128 vincet
572 1070 650 1147 quod
667 1067 764 1129 decet.
799 1068 871 1130 Nam
891 1073 957 1152 quis
971 1072 1077 1146 nescit,

72 1153 143 1214 nihil
158 1154 250 1230 magis
263 1154 444 1232 profuturum
455 1153 491 1213 ad
508 1151 721 1214 absolutionem
740 1153 856 1215 Socrati
873 1155 976 1231 luisse,
992 1172 1077 1235 quam

75 1239 99 1297 si
126 1246 207 1297 esset
232 1256 301 1297 usus
327 1235 379 1298 illo
403 1234 529 1297 iudiciali
550 1254 662 1314 genere
686 1231 866 1298 defensionis
892 1247 921 1298 et
945 1239 1077 1299 oratione

75 1321 225 1381 summissa
248 1321 434 1382 conciliasset
454 1321 578 1381 iudicum
594 1321 704 1381 animos
725 1322 782 1382 sibi
798 1324 966 1401 crimenque
983 1323 1078 1400 ipsum

74 1405 200 1466 sollicite
213 1401 433 1482 redarguisset?
461 1403 570 1477 Verum
585 1405 613 1466 id
630 1423 695 1464 eum
710 1407 823 1466 minime
840 1405 980 1475 decebat;
997 1405 1121 1467 ideo-10

75 1507 132 1569 que
149 1489 192 1547 sic
209 1490 287 1566 egit,
313 1498 345 1549 ut
369 1490 416 1568 qui
440 1505 565 1568 poenam
586 1508 666 1550 suam
688 1489 848 1551 bonoribus
863 1490 980 1550 summis
997 1498 1078 1550 esset

74 1574 285 1634 aestimaturus.
316 1571 416 1634 llaluit
440 1574 515 1632 enim
537 1574 583 1632 vir
605 1574 847 1651 sapientissimus,
874 1574 953 1654 quod
975 1591 1077 1652 snper·

75 1665 154 1716 esset
168 1675 205 1716 ex
215 1657 285 1733 vita,
301 1656 356 1717 sibi
371 1657 480 1736 perire,
497 1675 582 1737 quam
596 1658 673 1736 quod
686 1659 885 1736 praeterisset.
912 1657 950 1717 Et
962 1656 1077 1737 quando

74 1740 110 1801 ab
128 1740 292 1801 hominibus
309 1741 352 1800 sui
369 1742 510 1819 temporis
525 1759 624 1819 parum
639 1740 866 1819 intelligebatur,
883 1744 1078 1820 posteriorum

75 1843 108 1884 se
124 1825 236 1885 iudiciis
251 1825 424 1900 reservavit,
441 1823 524 1884 brevi
535 1825 706 1884 detrimento
721 1827 777 1886 iam
789 1825 908 1885 ultimae*
918 1825 1077 1885 senectutis

74 1927 178 1969 aevum
201 1909 383 1969 saeculorum
398 1909 522 1967 omnium
543 1918 726 1969 consecutus.
757 1908 858 1988 ltaque
876 1907 1118 1989 quomrum-11

76 1993 149 2068 sias,
173 1994 222 2072 qui
239 2001 297 2052 tum
311 1994 341 2051 in
360 1992 483 2052 dicendo
500 1993 764 2069 praestantissimus
781 1991 959 2069 habebatur,
976 1990 1078 2052 deien-

75 2077 188 2136 siouem
209 2075 251 2136 illi
276 2077 412 2156 scriptam
432 2075 600 2152 obtulisset,
627 2078 667 2136 uti
693 2095 728 2138 ea
754 2077 860 2137 noluit:
887 2093 953 2136 curu
973 2075 1077 2137 bonam

75 2161 191 2241 quidem
207 2160 259 2220 sed
276 2177 376 2238 parum
391 2159 447 2220 sibi
469 2161 689 2221 convenientem
712 2161 910 2222 iudicavisset.
948 2159 1012 2234 Quo
1027 2160 1077 2220 vel

77 2244 142 2304 solo
158 2253 253 2323 patet,
274 2261 333 2304 non
348 2243 544 2325 persuadendi
564 2246 618 2306 sed
644 2245 720 2306 bene
736 2244 850 2307 dicendi
865 2244 953 2305 linem
967 2245 996 2305 iu
1011 2263 1076 2306 ora·

74 2330 153 2389 tione
170 2328 356 2405 servandum,
379 2347 443 2390 cum
460 2329 574 2390 interim
587 2329 766 2410 persuadere
782 2330 914 2391 delorme
932 2330 978 2390 sit.
1010 2327 1077 2389 Non

74 2413 127 2473 luit
143 2412 199 2472 hoc
217 2412 285 2472 utile
301 2412 493 2490 absolutioni,
510 2414 582 2491 sed,
601 2416 678 2494 quod
695 2422 740 2474 est
755 2415 862 2489 maius,
888 2412 996 2473 homini
1013 2412 1074 2473 luit.

74 2495 112 2557 Et
127 2513 180 2555 uos
196 2496 353 2557 secundum
375 2515 553 2557 communem
572 2500 668 2576 potius
684 2498 822 2577 loquendi
838 2495 1077 2557 consuetudinem
1088 2500 1120 2552 la

76 2597 160 2659 quam
186 2580 278 2656 ipsam
302 2581 432 2641 veritatis
453 2581 585 2657 regulam
609 2580 751 2640 divisione
772 2580 827 2641 hac
848 2580 968 2655 utimur,
994 2587 1026 2638 ut
1040 2577 1077 2638 ab

76 2680 129 2736 eo,
147 2662 225 2741 quod
243 2662 363 2739 deceat,
381 2663 532 2724 utilitatem
549 2681 729 2743 separemus.
761 2661 824 2722 Nisi
839 2662 916 2723 forte
931 2662 1012 2741 prior
1026 2661 1077 2721 ille

74 2745 240 2822 Africanus,
257 2747 305 2824 qui
321 2748 412 2824 patria
429 2747 537 2807 cedere
554 2764 637 2825 quam
653 2766 717 2807 cum
732 2745 847 2806 tribuno
863 2744 959 2825 plebis
975 2746 1077 2809 humil-

74 2831 143 2890 limo
161 2828 339 2890 contendere
356 2830 393 2890 de
409 2832 573 2892 innocentia
588 2849 639 2892 sua
656 2831 764 2906 maluit,
780 2829 917 2890 inutiliter
928 2830 984 2890 sibi
995 2828 1076 2890 vide-

74 2924 120 2974 tur
136 2914 332 2983 consuluisse;
349 2923 396 2974 aut
407 2914 438 2975 P.
450 2913 584 2991 Rutilius,
601 2913 650 2975 vel
667 2933 731 2974 cum
746 2912 797 2975 illo
814 2931 907 2993 paene
923 2915 1076 2975 Socratico
1167 2908 1170 2913 ’

74 3016 186 3075 genere
202 2999 382 3058 defensionis
398 3008 443 3060 est
458 3017 537 3075 usus,
553 2998 602 3060 rel
618 3017 682 3059 cum
697 3007 855 3060 revocante
871 3017 935 3059 euru
951 2997 982 3058 Ρ
996 2996 1077 3059 Sulla
1088 2999 1119 3054 ta

75 3099 192 3141 manere
212 3084 241 3142 in
258 3083 347 3143 exilio
363 3083 476 3159 maluit,
498 3083 566 3164 quid
587 3082 642 3143 sibi
658 3084 782 3144 maxime
806 3082 1000 3159 conduceret,
1026 3099 1076 3141 ne·

75 3164 198 3225 sciebat.
229 3165 265 3226 lli
281 3184 354 3226 uero
371 3186 461 3247 parua
476 3165 541 3244 illa,
559 3186 633 3248 quae
650 3167 863 3228 abiectissimus
879 3167 1003 3246 quisque
1017 3165 1077 3225 ani-

75 3268 138 3308 mus
161 3249 240 3311 utilia
264 3251 371 3327 credit,
399 3254 509 3312 sicum
532 3251 860 3327 virtuteconierantur,
887 3246 1077 3328 despicienda
1192 3328 1194 3333 Ι

75 3333 291 3411 iudicaverunt,
311 3334 439 3415 ideoque
461 3339 603 3434 perpetua
625 3335 809 3397 saeculorum
823 3334 1011 3396 admiratione
1027 3348 1076 3392 ce·
1134 3356 1140 3369 ¹

75 3417 233 3480 lebrantur
259 3417 364 3498 Neque
380 3438 434 3481 nos
450 3421 537 3480 simus
552 3429 609 3482 tam
623 3419 756 3496 lrumiles,
771 3427 812 3496 ut,
831 3435 905 3497 quae
918 3415 1088 3481 laudamus

1111 3542 1146 3575 ,ἡ
