2408 3854
152 277 156 289 ι
239 281 243 285 ,
331 208 840 279 1uar.ouaroa.n1a.v111,5.o.
1049 208 1090 268 75

76 366 118 427 stt
137 365 216 425 vitiis
235 382 351 432 carcre;
373 382 427 438 ne,
446 365 511 425 dum
532 366 664 426 uolumus
687 384 754 427 esse
775 369 913 429 meliores
928 373 1088 452 veteribus,

78 451 169 510 simus
183 447 296 510 tantom'
304 448 468 510 dissimiles.

165 533 295 594 Reddam
309 551 399 608 nunc,
418 550 501 612 quam
516 536 677 612 proximam
692 545 803 613 partem
818 536 947 598 dixeram
969 557 1036 599 esse
1051 542 1088 601 de
1096 553 1130 606 35

78 619 220 696 tropis,
246 632 321 695 quos
342 626 440 678 motus
455 617 606 677 clarissimi
627 627 792 679 nostrorum
814 630 950 682 auctores
970 634 1085 685 vocant.
1194 680 1197 682 ,

79 701 190 760 llorum
212 701 327 761 tradere
346 710 504 779 praecepta
527 711 556 761 ct
576 705 754 779 grammatici
775 706 881 765 solent.
922 707 1086 785 Sadame,

80 802 146 845 cum
161 785 198 845 de
223 785 338 845 illorum
360 785 458 845 cilicio
474 784 629 862 loquerer,
651 787 738 847 dilata
753 804 822 865 pars
840 789 915 850 haec
936 799 998 867 eat,
1020 795 1088 871 quia

78 867 118 929 de
143 879 244 929 ornatu
266 871 405 929 emtionis
422 871 541 946 gravior
562 869 714 930 videbatur
735 870 818 931 locus
835 882 866 933 ει
882 875 984 935 maiori
1005 878 1087 953 operi

79 952 284 1014 reservandus.

489 1099 532 1155 DE
551 1105 676 1160 ultoris.

164 1199 214 1260 vl.
246 1200 387 1280 Tropus
409 1210 454 1261 εει
473 1201 557 1262 verbi
577 1203 626 1262 rel
648 1203 790 1263 sermonis
810 1206 961 1283 apropria
978 1207 1085 1283 signill-

79 1286 194 1346 catione
210 1285 238 1343 in
254 1284 339 1345 aliam
356 1302 418 1344 cum
436 1286 542 1345 virtute
555 1289 683 1347 mutatio.
721 1283 806 1347 Circa
824 1305 909 1366 quem
924 1289 1084 1367 inexplica-

78 1367 146 1429 bilis
172 1377 201 1429 ει
221 1369 415 1446 grammaticis
444 1372 518 1428 inter
546 1371 628 1449 ipsos
651 1380 681 1430 et
704 1371 886 1450 philosophis
908 1390 1004 1450 pugna
1027 1384 1082 1449 est,
1156 1372 1159 1378 ’

78 1471 156 1531 quaa
177 1454 232 1512 siut
252 1471 377 1530 genera,
405 1470 480 1532 quae
503 1456 638 1532 species,
660 1457 708 1534 qui
729 1473 884 1531 numerus,
910 1457 957 1535 qai
980 1458 1084 1537 cuique

78 1537 257 1597 subiiciatur.
301 1535 363 1596 Nos
382 1538 512 1612 omissis,
535 1555 609 1616 quae
629 1527 698 1599 nihil
720 1540 755 1600 ad
772 1539 967 1599 instruendum
987 1550 1111 1601 orato-2

76 1637 141 1682 rem
154 1621 313 1699 pertinent,
331 1621 581 1697 cavillationibus,
604 1625 789 1682 necessarios
804 1625 926 1683 maxime
948 1633 1036 1704 atque
1056 1627 1085 1684 in

77 1722 161 1766 nsum
176 1713 313 1784 receptos
331 1722 521 1783 exequemur;
543 1704 617 1766 haec
631 1706 717 1767 modo
733 1708 762 1766 in
778 1707 822 1767 his
840 1717 996 1768 annotasse
1016 1725 1083 1769 con·

77 1788 165 1865 tenti,
183 1788 323 1868 qrrosdam
338 1791 431 1867 gratia
446 1789 664 1866 significationis
678 1791 817 1869 quosdam
833 1791 948 1851 decoris
964 1793 1082 1867 assumi,

76 1882 109 1933 et
128 1889 196 1932 esse
219 1872 294 1932 alios
313 1874 340 1932 in
356 1873 453 1932 verbis
469 1875 596 1952 propriis
621 1874 696 1935 alios
716 1877 745 1934 in
765 1875 927 1949 translatis,
951 1877 1083 1954 vertique

76 1958 187 2018 lormas
202 1957 425 2017 nonrerborum
439 1957 525 2016 modo
541 1957 594 2017 sed
609 1967 638 2017 ει
656 1975 791 2019 sensuum
807 1967 836 2017 et
853 1960 1081 2035 compositionis.

74 2041 177 2115 Quare
194 2041 261 2100 milri
279 2041 412 2101 videntur
428 2057 561 2117 errasse,
585 2044 633 2120 qui
650 2059 708 2101 non
725 2041 799 2102 alios
821 2041 1005 2102 crediderunt
1022 2050 1111 2102 tro-3

77 2142 149 2204 pos,
173 2143 257 2203 quam
278 2126 306 2184 in
326 2124 565 2202 quibusverhum
584 2126 748 2204 proverbe
768 2136 935 2203 poneretur.
980 2125 1084 2205 Neque

76 2209 149 2269 illud
165 2211 285 2285 ignoro,
308 2210 338 2268 in
353 2209 454 2269 iisdem
469 2208 548 2285 iere,
572 2211 621 2288 qui
636 2210 816 2289 significandi
831 2212 924 2288 gratia
948 2209 1083 2270 adhiben-

77 2302 140 2368 tur,
159 2310 227 2352 esse
239 2302 272 2351 et
284 2302 429 2361 ornatum;
449 2292 502 2352 sed
517 2309 572 2352 aon
589 2294 665 2355 idem
678 2294 793 2354 accidet
808 2303 926 2369 contra,
943 2304 1084 2374 eruntque

76 2377 194 2454 quidam
209 2385 317 2436 tantum
332 2377 367 2436 ad
383 2378 512 2455 speciem
527 2379 747 2439 accommodati.

161 2459 333 2538 incipiamus
356 2462 443 2538 igitur
465 2460 501 2521 alr
523 2477 576 2537 eo,
607 2464 655 2541 qui
677 2480 741 2522 cum
761 2462 1011 2541 frequentissimus
1038 2468 1111 2521 esta

74 2554 136 2604 tum
157 2543 245 2621 longe
263 2544 491 2622 pulcherrimus,
518 2545 771 2608 translatione
794 2545 876 2621 dico,
908 2562 983 2623 quae
1000 2564 1083 2621 μετα-

75 2623 158 2709 φορὰ
173 2626 285 2688 Graece
303 2639 434 2688 vocatur.
476 2627 558 2702 Quae
575 2630 689 2706 quidem
705 2646 769 2688 cum
784 2631 822 2688 ita
839 2637 884 2687 est
900 2627 936 2687 ab
952 2629 1015 2705 ipsa
1031 2643 1081 2685 no·

75 2711 121 2771 lais
145 2728 287 2773 concessa
302 2721 420 2788 natura,
442 2721 474 2771 ut
489 2712 597 2775 indocti
613 2728 730 2791 quoque
746 2729 781 2771 ac
794 2728 852 2770 noa
869 2712 1029 2790 sentientes
1047 2727 1082 2769 ea

73 2795 248 2873 irequenter
263 2804 394 2857 utantur:
414 2805 472 2855 tum
486 2797 526 2856 ita
541 2796 664 2856 iucunda
680 2805 766 2874 atque
781 2795 887 2871 nitida,
915 2803 946 2855 ut
967 2796 996 2855 in
1017 2811 1081 2854 ora·

73 2881 156 2940 tione
171 2880 330 2960 quamlibet
347 2880 425 2941 clara
443 2881 563 2959 proprio
581 2889 676 2940 tamen
692 2880 798 2940 lumine
816 2880 941 2940 eluceat.
977 2879 1109 2957 Nequeo

74 2965 152 3023 enim
177 2962 306 3042 vulgaris
329 2982 397 3023 esse
418 2980 513 3042 neque
537 2964 651 3024 humilis
672 2982 728 3024 nec
749 2966 875 3025 insuavis
897 2974 979 3025 recte
996 2963 1083 3024 modo

75 3049 168 3107 ascita
185 3057 293 3126 potest.
339 3045 458 3126 Gopiam
482 3064 599 3125 quoque
622 3050 763 3108 sermonis
784 3057 872 3126 auget
894 3047 1082 3126 permutando

73 3140 125 3191 aut
145 3132 313 3207 mutuando,
339 3150 414 3212 quae
433 3148 491 3191 non
513 3131 614 3200 habet;
640 3132 776 3211 quodque
802 3132 1001 3192 difficillimum
1027 3140 1081 3208 est,

73 3224 223 3294 praestat,
236 3234 273 3275 ne
285 3215 336 3276 ulli
350 3218 393 3276 rei
404 3232 509 3275 nomen
519 3216 625 3276 deesse
641 3216 783 3278 uideatur.
810 3216 997 3277 Transfertur
1010 3231 1082 3291 ergo

74 3314 181 3359 nomen
193 3309 241 3359 aut
255 3300 376 3360 verbum
392 3318 429 3360 ex
442 3316 478 3359 eo
495 3299 580 3376 loco,
600 3300 628 3359 in
644 3317 701 3378 quo
720 3303 868 3380 proprium
882 3309 944 3375 est,
962 3301 1081 3373 ineam,

75 3385 104 3442 in
121 3399 181 3460 quo
198 3393 245 3443 aut
262 3386 417 3462 proprium
426 3384 510 3444 deest
524 3393 573 3444 aut
587 3384 756 3444 translatum
773 3384 893 3463 proprio
908 3382 1010 3441 melius
1026 3390 1082 3440 est.

74 3465 107 3527 ld
126 3466 264 3543 iacimus,
283 3475 331 3528 aut
346 3469 412 3546 quia
432 3483 557 3528 necesse
570 3476 632 3545 est,
652 3476 700 3527 ant
716 3469 782 3547 quia
798 3466 1004 3544 significantius
1026 3468 1131 3542 est,o'
