2408 3854
119 184 161 247 64
426 197 461 244 ru.
482 196 561 243 uun.
582 191 803 255 omuunnsru

119 350 269 412 Ciceronis
285 353 314 410 in
330 348 472 428 Clodium,
490 349 556 424 Quo
572 367 613 412 eu>
626 349 742 411 iudicio
757 347 837 410 velat
856 347 1049 414 miscendo
1061 369 1122 415 aa·

120 438 179 498 dus
196 435 308 518 effugit.
339 432 448 507 Quibus
467 432 569 494 similia
583 441 706 512 possunt
724 433 885 511 cuicunque
906 435 992 494 eriam
1014 450 1052 495 ex
1070 451 1121 495 oo·

119 519 224 580 tidiano
238 534 373 578 sermone
388 535 568 579 succurrere.
1151 572 1158 589 ‚

202 601 275 663 lluio
301 601 433 661 subiacet
456 602 546 661 virtus
572 618 630 661 non
657 600 751 661 solum
776 609 878 680 aperte
905 599 1033 680 ponendi
1059 618 1122 662 ram

75 696 185 756 enaute
201 685 305 746 oculos
327 685 379 745 sed
395 686 565 745 circumcise
584 694 672 765 atque
686 683 838 745 velociter.
877 683 922 744 Ac
936 684 1042 744 merito
1060 683 1121 745 lau·

119 771 202 831 datur
216 768 344 829 brevitas
360 771 487 846 integra;
511 768 562 829 sed
582 786 617 828 ea
632 769 723 829 minus
738 776 884 848 praestat,
901 770 1036 846 quotiens
1050 767 1123 830 nibil

119 854 198 930 dicit,
214 854 267 913 nisi
283 853 360 930 quod
378 870 502 913 necesse
521 861 576 928 est,
594 852 806 934 (βραχυλογίαν
825 861 948 928 vocant,
963 869 1040 931 quae
1053 851 1123 913 red·

120 936 203 998 detur
219 938 293 996 inter
307 937 475 1017 schemata)
494 946 539 997 εει
555 953 627 997 vero
643 935 856 1016 pulcherrima,
872 953 936 996 cunr
950 935 1036 1016 plura
1050 952 1121 1016 pau·

120 1023 162 1081 cis
184 1019 403 1099 complectitur:
431 1020 517 1101 quale
543 1020 673 1082 Sallustii
693 1029 754 1098 est,
776 1017 972 1083 Mithridates
991 1038 1124 1100 corpore

117 1106 241 1184 ingenti,
254 1106 387 1185 proinde
399 1112 548 1168 armatas.
584 1103 649 1165 lloc
668 1103 744 1165 male
764 1105 908 1164 imitantes
922 1105 1054 1185 sequitur
1069 1103 1121 1165 ob·

78 1226 81 1231 -
118 1191 249 1250 scuritas.

76 1286 112 1343 83
203 1272 306 1333 Vicina
332 1272 499 1351 praedictae
528 1270 581 1332 sed
604 1270 726 1350 amplior
750 1272 840 1331 virtus
867 1279 913 1332 est
943 1270 1121 1351 ἔμφασις,

120 1356 253 1417 altiorem
268 1355 415 1436 praebens
434 1355 614 1417 intellectum
637 1372 720 1434 quam
736 1372 821 1435 quem
835 1354 994 1434 rerbaper
1008 1357 1122 1435 seipsa
1142 1419 1148 1428 ,

120 1440 280 1500 declarant.
313 1437 384 1499 llius
401 1439 474 1499 duae
490 1447 556 1499 sunt
571 1440 703 1517 species:
726 1439 834 1514 altera,
854 1456 929 1519 quae
946 1440 1013 1518 plus
1031 1440 1121 1517 signi·

77 1537 112 1593 84
122 1523 187 1583 licat
204 1540 288 1601 quam
300 1523 383 1591 dicit;
406 1523 508 1599 altera,
524 1541 599 1602 quae
615 1524 699 1583 etiam
715 1523 754 1599 id,
770 1523 847 1602 quod
864 1522 1010 1584 condicit.
1040 1522 1123 1584 Prior

121 1616 165 1666 est
185 1615 213 1666 et
231 1605 306 1684 apud
330 1605 499 1684 Homerum,
523 1626 587 1667 cum
601 1605 750 1667 Menelaus
767 1607 868 1668 Graios
890 1609 918 1667 iu
938 1624 1044 1686 equum
1068 1608 1121 1669 ds·

120 1691 279 1753 scendisse
301 1691 354 1760 ait;
377 1711 441 1752 narn
460 1691 552 1762 verbo
575 1707 631 1750 uuo
652 1691 873 1768 magnitudinem
895 1692 959 1753 eius
978 1691 1120 1758 ostendit;

120 1782 151 1836 et
166 1773 241 1854 apud
263 1774 440 1853 Vergilium:
463 1774 636 1838 Demissam
655 1775 737 1854 lapsi
757 1793 817 1855 per
834 1777 960 1854 senemr
984 1791 1049 1834 uam
1078 1775 1123 1834 sic

120 1876 237 1938 quoque
250 1858 370 1920 altitudo
385 1859 579 1921 demonstrata
593 1868 647 1919 est.
670 1857 761 1934 idem,
774 1855 905 1938 Cyclopa
918 1876 982 1919 cum
994 1858 1122 1918 iacuisse

121 1944 190 2004 dixit
204 1963 266 2022 per
280 1953 412 2022 matram,
430 1944 629 2023 prodigiosum
649 1942 719 2002 illud
735 1957 842 2021 corpus
857 1943 952 2021 spatio
966 1941 1026 2003 loci
1042 1958 1121 2001 men·

77 2040 169 2096 assus
185 2037 239 2086 est.
278 2029 411 2106 Sequens
433 2029 528 2106 posita
550 2036 594 2087 est
618 2028 647 2086 in
663 2042 738 2086 voce
757 2034 806 2085 aut
827 2027 941 2087 omuino
961 2043 1122 2104 suppressa

121 2120 168 2170 aut
189 2113 274 2170 etiarn
295 2111 420 2172 abscisa.
465 2109 658 2189 supprimitur
679 2127 754 2186 vox,
781 2118 812 2169 ut
835 2110 907 2171 lecit
927 2126 981 2190 pro
1004 2107 1122 2187 Ligario

122 2191 243 2253 Cicero:
267 2192 384 2267 Quodsi
396 2195 429 2254 in
443 2194 504 2257 bac
517 2202 605 2256 tanto
619 2195 745 2272 {ortano
760 2194 880 2256 bonitas
895 2201 983 2256 tanta
995 2211 1058 2255 non
1072 2211 1122 2254 ea-

120 2285 176 2352 εει,
193 2292 286 2353 quom
301 2285 333 2337 ιιι
344 2295 404 2356 per
419 2285 457 2353 te,
470 2297 530 2356 per
545 2285 573 2340 te
587 2276 723 2355 inquam,
738 2278 873 2340 obtines.-
887 2277 1029 2356 intelligo,
1046 2276 1124 2356 quid

119 2362 239 2436 loquar.
273 2359 375 2420 'lacuit
391 2363 466 2420 enirn
480 2360 561 2436 illud,
578 2361 655 2439 quod
671 2359 851 2421 nibilominus
868 2362 1044 2440 accipimus,
1063 2376 1123 2420 uon

120 2444 226 2503 deesse
241 2444 388 2518 homines,
405 2446 454 2523 qui
471 2445 508 2505 ad
523 2443 721 2506 crudelitatem
739 2462 803 2505 eum
818 2444 976 2522 impellant.
1016 2442 1122 2504 Absci-

119 2527 196 2587 ditur
210 2545 264 2606 per
281 2519 499 2606 ἀποσιώπησιν·
521 2546 616 2608 quae,
640 2530 774 2607 quoniam
795 2538 840 2590 est
853 2528 961 2607 ligura,
983 2526 1124 2589 reddetur

77 2623 172 2678 aasuo
191 2611 270 2672 loco.
297 2609 350 2672 Est
365 2613 393 2672 in
403 2611 573 2689 vulgaribus
585 2629 702 2691 quoque
717 2611 817 2673 verbis
833 2612 993 2692 emphasis:
1014 2608 1123 2673 tanum

119 2714 186 2755 erse
200 2704 332 2774 oportet,
356 2704 385 2755 et
398 2694 493 2758 Homo
508 2705 553 2758 est
568 2698 634 2774 itte,
658 2705 688 2757 et
706 2695 873 2759 Vioeodam
894 2705 945 2760 est.
982 2695 1068 2756 Adeo
1083 2695 1122 2754 si·

118 2777 193 2836 milis
210 2788 255 2838 est
270 2780 324 2838 arti
339 2779 509 2860 plerumque
524 2789 649 2840 natura..

203 2861 269 2922 Non
291 2871 385 2922 tamen
407 2866 477 2923 satis
501 2863 686 2942 eloquentiae
706 2873 768 2941 est,
787 2882 838 2941 ea,
855 2864 891 2925 de
908 2862 1010 2942 quibus
1032 2860 1121 2939 dicat,

121 2943 200 3004 clare
216 2955 303 3025 atque
318 2947 469 3008 evidenter
484 2948 657 3016 ostendere:
679 2947 733 3009 sed
749 2957 815 3009 sunt
829 2948 910 3008 multi
927 2966 963 3009 ac
980 2946 1055 3007 varii
1069 2963 1122 3006 ex·

76 3028 262 3096 encolendae
279 3030 418 3091 orationis
433 3030 519 3091 modi.
557 3030 629 3092 Nam
650 3032 714 3111 ipsa
736 3030 787 3092 illa
804 3022 925 3110 dottam
946 3030 1072 3109 simplex
1093 3037 1124 3090 et

119 3111 286 3174 inaffectata
313 3112 401 3175 babet
423 3114 564 3194 quendam
586 3133 702 3193 purum,
732 3115 825 3196 qualis
846 3117 931 3177 etiam
956 3116 985 3176 iu
1006 3113 1123 3175 leminis

119 3204 247 3272 amatur,
272 3207 417 3274 ornatum,
440 3207 470 3259 et
492 3207 557 3258 sunt
579 3199 721 3277 quaedam
741 3200 823 3260 velut
844 3200 956 3260 eteuui
971 3197 1123 3275 diligentia

121 3280 199 3340 circa
216 3283 426 3360 proprietatem
441 3282 737 3362 significationemque
752 3283 915 3344 munditiae.
951 3281 1019 3344 Alia
1034 3281 1123 3360 copia

77 3361 266 3442 oelocuples,
284 3363 340 3425 alia
355 3364 475 3425 iloribus
490 3365 578 3426 laeta.
617 3365 727 3428 Virium
741 3384 799 3428 uon
813 3386 898 3427 unum
913 3385 1021 3446 genus;
1042 3382 1122 3440 nam,

121 3446 256 3525 quidquid
273 3448 302 3508 in
319 3465 372 3509 suo
388 3466 498 3527 genere
514 3450 584 3511 satis
600 3450 736 3511 ellectum
751 3460 812 3529 est,
835 3451 923 3512 valet.
959 3450 1124 3529 Praecipua
