2408 3854
119 169 181 230 250
438 177 802 239 cannamomum

118 338 220 412 Decii,
245 334 332 395 llucii
354 334 462 413 aliique
482 330 730 394 innumerabiles?
759 332 901 406 Quantum
923 334 999 393 enirn
1017 331 1124 395 Gracci

119 421 288 500 praeceptis
305 417 419 494 valent,
444 426 550 478 tautum
565 416 703 492 Romani,
725 416 802 494 qnod
824 425 869 476 est
888 417 996 493 maius,
1023 435 1122 479 exsur-

74 515 108 568 31
117 504 184 585 plis.
217 503 395 582 Tantumque
410 517 469 561 non
490 502 615 578 coguitis
637 500 687 561 ille
703 499 792 560 rebus
811 500 972 579 adquierit,
999 503 1124 579 quinon

115 588 202 649 modo
226 588 387 666 proximum
408 593 522 664 tempus
544 585 698 664 lucemque
724 594 909 663 praesentem
925 586 1029 650 intueri
1049 588 1123 647 satis

116 673 218 735 credat
238 671 291 732 sed
309 687 423 731 omnem
444 669 623 748 posteritatis
644 669 811 729 memoriam
833 670 956 748 spatium
973 669 1053 730 ritae
1068 669 1122 731 lno-

115 765 217 817 nestae
234 762 264 815 et
278 753 452 814 curriculum
467 752 559 816 laudis
575 753 730 813 existimet.
756 751 830 813 Hinc
844 752 912 815 milri
927 753 979 814 ille
994 755 1122 815 iustitiae

115 840 235 901 haustus
248 836 347 914 bibat,
369 837 436 899 hinc
451 845 592 915 sumptam
608 835 772 899 libertatem
787 838 816 896 in
831 838 926 898 causis
944 846 1033 915 atque
1052 854 1122 900 cou-

115 924 188 984 siliis
204 930 344 1001 praestet.
369 919 475 1001 Neque
490 922 545 981 erit
559 920 711 999 perfectus
729 929 843 997 orator,
860 922 915 981 uisi
931 923 979 999 qui
994 919 1121 983 honeste

115 1006 215 1068 dicere
231 1013 262 1065 et
277 1007 351 1067 sciet
367 1014 396 1065 et
412 1004 538 1066 audebit.
720 1010 727 1017 “

182 1155 413 1211 NECESSARIAM
439 1154 525 1207 IURlS
552 1154 669 1209 CIVILIS
692 1153 837 1206 cantoni
861 1152 1049 1206 salustiani.

198 1253 249 1317 lll.
270 1251 365 1313 luris
380 1270 496 1331 quoque
513 1253 644 1313 civilis
662 1254 833 1312 necessaria
844 1251 911 1315 huic
922 1253 985 1313 viro
997 1254 1122 1315 scientia

115 1345 162 1398 est
180 1345 209 1399 et
224 1352 335 1397 morum
356 1354 391 1397 ac
407 1335 581 1413 religionum
596 1338 659 1397 eins
674 1338 719 1397 rei
735 1335 891 1414 publicae,
914 1353 999 1416 quam
1015 1355 1121 1415 capes·

114 1431 169 1482 sat.
205 1419 279 1482 Nam
294 1418 389 1498 qualis
411 1437 479 1479 essa
495 1437 599 1482 suasor
619 1420 649 1480 in
664 1420 794 1481 consiliis
811 1418 937 1498 publicis
960 1421 1121 1500 privatisve

113 1506 222 1585 poterit
239 1511 282 1565 tot
297 1520 411 1578 rerum,
428 1502 532 1581 quibus
549 1505 709 1583 praecipue
726 1504 829 1565 civitas
847 1505 1021 1581 continetur,
1038 1505 1120 1582 igna-

113 1586 184 1649 rus?
214 1587 279 1662 Quo
303 1595 399 1647 autem
415 1587 502 1648 modo
518 1597 669 1668 patronum
687 1606 719 1648 se
738 1605 889 1651 causarum
905 1604 964 1661 nou
985 1587 1063 1649 ialso
1079 1587 1120 1651 di·

113 1674 207 1748 xerit,
230 1672 295 1750 qui,
320 1670 398 1750 quod
414 1678 460 1733 est
480 1672 509 1732 in
525 1672 620 1737 causis
637 1671 885 1750 potentissimum,
908 1672 946 1735 sit
965 1669 1002 1737 ab
1024 1671 1121 1741 altero

112 1757 271 1836 petiturus,
303 1773 398 1834 paene
419 1772 477 1817 non
503 1755 648 1831 dissimilis
670 1756 721 1831 iis,
757 1755 805 1835 qui
835 1763 986 1834 poctarum
1010 1757 1121 1833 scripta

86 1836 320 1920 tpronuutiant?
349 1839 421 1900 Nam
445 1840 658 1917 quodammodo
680 1839 811 1904 maudata
836 1839 989 1917 petierat,
1018 1847 1047 1899 et
1072 1856 1120 1914 aa,

115 1922 261 2003 quaesibi
285 1942 302 1984 a
322 1922 417 1984 iudice
441 1924 521 1985 credi
538 1923 734 2002 postulaturus
750 1932 811 1998 est,
837 1923 932 1995 aliena
953 1921 1119 1998 lide-dicct,

115 2017 145 2068 et
167 2009 230 2085 ipse
254 2006 423 2084 litigantium
446 2007 599 2069 auxiliator
621 2006 721 2084 egebit
743 2006 859 2068 auxilio.
894 2005 979 2081 Quod
1000 2014 1030 2067 ut
1055 2005 1121 2069 lieri

114 2107 314 2169 nonuunquam
328 2092 439 2153 minore
456 2091 638 2153 incommodo
654 2091 765 2170 possit,
784 2096 849 2151 cum
864 2090 942 2157 demi
956 2098 1120 2169 praecepta

115 2184 144 2236 et
167 2174 330 2252 composita
355 2182 385 2233 et
412 2176 486 2237 sicut
506 2183 622 2250 cetera,
658 2176 778 2254 quaein
800 2193 889 2249 causa
909 2183 992 2250 saut,
1026 2173 1120 2243 indi·

114 2257 225 2319 scendo
248 2257 365 2333 cognita
387 2257 423 2319 ad
445 2257 569 2318 iudicem
591 2259 738 2337 perferet:
763 2258 832 2337 quid
853 2258 903 2329 liet
921 2259 1008 2330 iniis
1028 2275 1119 2338 quiae·

114 2338 272 2415 stiouihus,
290 2357 365 2418 quaa
382 2340 479 2405 subito
495 2342 570 2402 iuter
584 2343 664 2421 ipsas
679 2344 812 2411 actiones
827 2342 908 2413 nasci
926 2338 1045 2404 solent?
1060 2358 1120 2403 nou

114 2423 285 2488 deformiter
301 2432 452 2502 respectet
467 2433 496 2484 et
510 2426 584 2487 inter
600 2424 742 2493 subsellia
756 2427 884 2497 minores
902 2425 1064 2493 advocatos
1076 2428 1118 2498 iu·

84 2503 265 2585 oterroget?
291 2506 393 2568 Potest
408 2516 504 2574 autem
526 2510 597 2574 satis
613 2509 770 2589 diligenter
785 2511 943 2587 accipere,
967 2527 1045 2601 quae
1059 2519 1119 2571 tum

114 2593 225 2668 audiet,
252 2610 316 2654 cum
335 2594 364 2653 ei
385 2593 507 2655 dicenda
527 2602 610 2669 sunt,
636 2603 682 2654 aut
703 2593 817 2665 fortiter
838 2592 984 2663 afirmare
1003 2602 1054 2665 aut
1076 2595 1119 2653 in-

113 2694 209 2754 genue
230 2693 285 2754 pro
307 2677 368 2736 suis
389 2672 510 2739 dicere?
543 2676 640 2738 Possit
661 2678 691 2735 iu
717 2676 895 2751 actionibus:
925 2677 994 2755 quid
1017 2676 1069 2737 let
1089 2680 1119 2737 in

114 2760 316 2836 altercatione,
334 2759 382 2819 ubi
393 2759 603 2825 occurrendum
614 2761 762 2836 continuo,
777 2779 833 2833 aaa
848 2759 943 2834 littera
954 2759 991 2823 ad
1002 2759 1118 2823 discen-

113 2843 178 2902 dum
201 2860 282 2904 mora
297 2840 364 2903 esti
398 2843 499 2920 Quid,
512 2845 537 2904 si
556 2844 632 2906 forta
648 2844 758 2923 peritus
779 2846 849 2907 iuris
864 2842 914 2904 ille
930 2861 987 2903 nou
1003 2841 1119 2912 aderit?

114 2924 204 3001 Quid,
229 2928 254 2985 si
278 2927 342 3005 quis
366 2929 508 2990 nonsatis
523 2929 552 2988 iu
569 2946 605 2991 ea
621 2946 655 2989 re
675 2927 778 2991 doctus
800 2927 905 2991 falsum
924 2927 1033 3007 aliquid
1048 2928 1118 2988 sub·

113 3007 236 3069 iecerit?
270 3009 334 3071 Hoc
356 3014 432 3073 enim
453 3022 499 3073 est
522 3013 674 3077 maximum
695 3013 873 3090 ignorantias
894 3010 1015 3088 malum,
1038 3012 1119 3090 quod

16 3172 19 3177 Ι
84 3092 206 3156 secedit
223 3112 288 3156 curn
303 3096 397 3172 seire,
420 3098 469 3175 qui
482 3104 608 3157 moneat.
644 3094 749 3174 Neque
767 3111 825 3173 ego
841 3112 903 3155 sum
919 3095 1012 3159 nostri
1026 3097 1117 3156 moris

112 3178 231 3255 ignaram
247 3177 392 3240 oblitusve
408 3195 526 3255 eorum,
550 3180 599 3258 qui
613 3179 693 3241 velut
709 3178 745 3241 ad
760 3178 874 3240 arculas
889 3178 995 3241 sedent
1012 3187 1042 3238 et
1056 3180 1118 3248 tela

112 3262 265 3339 agentibus
287 3263 525 3340 comministram,
552 3281 648 3341 neque
671 3265 748 3325 idem
770 3261 900 3327 Graecos
924 3279 1042 3343 quoque
1065 3282 1117 3324 ne·

113 3347 175 3405 scio
191 3346 356 3422 factitasse,
381 3346 457 3408 uude
474 3365 578 3407 nornen
592 3347 637 3408 luis
657 3351 923 3428 pragmaticorum
944 3346 1042 3412 datum
1060 3356 1115 3409 est.

112 3428 172 3487 Sed
187 3429 293 3508 loquor
307 3428 344 3489 de
361 3439 495 3508 oratore,
512 3433 560 3511 qui
574 3449 632 3493 non
648 3432 805 3493 clamorem
819 3432 906 3493 modo
922 3449 1004 3493 suurn
1019 3432 1116 3493 causis
